1799 3105
210 141 263 183 68
751 137 896 172 LIBER
922 137 982 172 IV.
1028 136 1129 173 CAP.
1157 142 1212 173 40.
1585 159 1610 178 a.
1625 159 1654 178 u.
1670 159 1694 178 o.
1709 153 1770 180 831.

206 262 255 289 ex
301 247 475 289 maestis
518 247 646 302 paulo
689 251 787 288 ante
829 246 1045 301 domibus,
1085 261 1192 301 quae
1238 247 1611 289 conclamaveraul:
1654 262 1768 303 suos,

204 314 524 361 procurreretur
556 305 598 346 in
632 305 739 358 vias,
771 305 1035 360 pavidaeque
1069 309 1229 347 matres
1263 320 1311 348 ac
1349 308 1574 362 coniuges,
1606 306 1767 349 oblitae

206 380 305 420 prae
329 364 485 419 gaudio
507 364 690 419 decoris,
706 364 879 406 obviam
899 364 1063 419 agmini
1084 368 1368 420 occurrerent,
1387 365 1431 406 in
1446 379 1543 407 suos
1564 379 1769 421 quaeque,

206 424 334 465 simul
367 437 543 477 corpore
576 426 704 478 atque
739 424 881 465 animo
909 423 979 464 vix
1011 438 1112 478 prae
1140 423 1297 478 gaudio
1325 427 1564 479 compotes,
1597 424 1769 466 effusae.

160 490 180 519 4
324 481 526 524 Tribunis
559 483 694 537 plebi,
728 483 801 537 qui
832 481 887 523 M.
920 481 1144 524 Postumio
1179 484 1222 524 et
1254 482 1299 524 T.
1327 482 1526 532 Quinctio
1560 482 1673 525 diem
1706 483 1769 524 di-

206 544 375 596 xerant,
421 541 534 595 quod
579 541 630 582 ad
665 541 794 583 Veios
837 556 984 583 eorum
1029 556 1159 596 opera
1203 541 1314 584 male
1359 544 1595 598 pugnabum
1642 544 1769 596 esset,

207 600 374 642 occasio
397 601 490 641 visa
510 603 575 642 est
595 615 670 654 per
691 615 837 642 recens
860 600 1006 642 odium
1027 599 1271 655 Sempronii
1292 600 1479 642 consulis
1500 599 1769 643 renovandae

160 665 179 695 5
205 659 250 701 in
283 674 354 701 eos
387 659 586 701 invidiae.
646 660 791 715 itaque
824 660 1032 701 advocata
1065 659 1263 701 contione
1297 674 1391 701 cum
1422 659 1639 715 proditam
1664 658 1768 702 Veis

207 733 297 760 rem
330 718 547 774 publicam
581 733 673 760 esse
705 719 756 760 ab
786 718 982 771 ducibus,
1008 718 1227 774 proditum
1255 718 1423 773 deinde,
1451 719 1551 774 quia
1575 718 1662 760 illis
1689 718 1768 760 im-

207 792 319 832 pune
341 777 490 833 fuerit,
510 777 555 819 in
574 777 744 819 Volscis
767 777 820 819 ab
843 777 1016 820 consule
1037 777 1290 833 exercitum,
1310 777 1492 820 traditos
1520 777 1573 819 ad
1599 776 1770 819 caedem

160 843 179 873 6
207 836 467 879 fortissimos
510 837 692 892 equites,
731 837 898 878 deserta
934 836 1056 878 foede
1094 839 1235 878 eastra
1267 836 1492 879 vociferati
1529 838 1689 891 esseni,
1723 834 1768 878 C.

207 895 375 950 Iunius,
414 910 520 937 unus
567 911 616 938 ex
661 895 864 951 tribunis,
908 895 1189 950 Tempanium
1235 895 1425 949 equitem
1456 895 1600 937 vocari
1643 895 1771 936 iussit

208 969 436 1010 coramque
469 955 507 996 ei
529 951 646 996 ‘Sex
672 950 896 1009 Tempani'
927 954 1086 1009 inquit,
1106 951 1115 966 ‘
1132 969 1289 1009 quaero
1323 954 1372 995 dc
1405 957 1466 1010 te,
1492 954 1768 996 arbitrerisne

210 1012 256 1056 C.
288 1012 588 1069 Sempronium
622 1014 841 1056 consulem
875 1016 949 1055 aut
980 1014 1024 1055 in
1062 1016 1256 1067 tempore
1294 1027 1484 1068 pugnam
1525 1013 1658 1055 inisse
1697 1015 1772 1054 aut

209 1073 403 1114 firmasse
437 1073 640 1115 subsidiis
674 1073 808 1115 aciem
836 1075 910 1114 aut
937 1073 1024 1115 ullo
1052 1072 1155 1114 boni
1181 1073 1368 1115 consulis
1394 1072 1589 1114 functum
1616 1071 1773 1127 officio,

163 1138 179 1168 7
210 1134 252 1173 eh
285 1135 387 1174 tune
419 1132 511 1187 ipse
544 1132 668 1174 victis
712 1132 954 1186 legionibus
994 1131 1199 1174 Romanis
1242 1134 1317 1174 tuo
1359 1131 1539 1174 consilio
1583 1131 1771 1186 equilzem

210 1191 263 1232 ad
296 1191 425 1246 pedes
459 1191 685 1233 deduxeris
718 1191 1046 1245 restituerisque
1080 1204 1291 1246 pugnam3
1324 1191 1496 1233 excluso
1530 1189 1680 1232 deinde
1719 1189 1771 1230 ab

211 1250 299 1293 acie
332 1253 481 1293 nosbra
513 1250 593 1292 tibi
625 1252 753 1305 atque
786 1250 1001 1306 equitibus
1028 1265 1130 1291 num
1151 1252 1226 1291 aut
1246 1250 1395 1292 consul
1414 1250 1506 1305 ipse
1526 1249 1774 1291 subvenerit

163 1315 183 1347 8
211 1313 286 1352 aui:
318 1310 485 1351 miserit
517 1309 797 1365 praesidium,
830 1311 1002 1365 postero
1047 1308 1229 1364 denique
1269 1309 1337 1350 die
1379 1308 1528 1364 ecquid
1568 1307 1773 1364 praesidii

210 1384 393 1424 usquam
438 1369 660 1424 habueris,
706 1383 760 1410 an
802 1371 850 1410 tu
895 1368 1130 1422 cohorsque
1175 1368 1218 1409 in
1263 1371 1405 1410 castra
1437 1369 1581 1410 vestra
1610 1367 1772 1409 virtute

210 1428 511 1483 perruperitis3
544 1442 719 1482 ecquem
759 1428 802 1469 in
841 1427 993 1469 castris
1040 1427 1278 1481 consulem,
1317 1441 1493 1482 ecquem
1538 1425 1773 1468 exercibum

165 1495 183 1526 9
211 1487 483 1542 inveneritis,
515 1502 570 1528 an
601 1487 770 1528 deserta
810 1489 969 1541 casbra,
1001 1486 1175 1527 relictos
1221 1486 1388 1527 saucios
1433 1485 1606 1527 milibes.
1667 1484 1774 1526 haec

212 1561 289 1601 pro
319 1546 477 1587 virtute
510 1549 584 1587 tua
617 1546 804 1600 fideque,
839 1560 922 1600 qua
953 1559 1038 1586 una
1069 1544 1151 1587 hoc
1182 1544 1296 1586 bello
1329 1559 1396 1586 res
1429 1543 1603 1600 publica
1635 1543 1770 1598 stetit,

213 1605 391 1648 dicenda
423 1605 505 1646 tibi
544 1607 643 1646 sunt
681 1604 827 1659 hodie3
859 1604 1041 1658 denique
1078 1603 1152 1645 ubi
1192 1602 1236 1644 C.
1270 1602 1566 1659 Sempronius,
1598 1602 1672 1644 ubi
1715 1602 1775 1644 le-

212 1665 361 1720 giones
395 1667 568 1705 nostrae
602 1664 707 1718 sint,
740 1664 932 1705 desertus
966 1663 1024 1704 sis
1058 1678 1110 1704 an
1146 1662 1382 1704 deserueris
1409 1662 1628 1704 consulem
1655 1675 1773 1703 exer-

213 1723 450 1778 citumque,
482 1723 583 1764 victi
616 1723 797 1777 denique
831 1723 963 1764 simus
997 1736 1050 1763 an
1084 1718 1342 1763 vicerimus'.

261 1831 293 1862 3.
328 1828 653 1872 conclamaverant]
690 1844 732 1856 =
760 1827 955 1871 complora-

213 1879 350 1918 verant,
365 1875 648 1919 deploraverant.
688 1874 735 1908 Es
758 1885 833 1907 war
849 1873 955 1916 Siue,

215 1923 287 1957 den
304 1922 579 1957 Verstorbenen
605 1921 729 1966 gleich
756 1921 851 1955 nach
874 1921 957 1955 dem

214 1970 317 2004 Todc
332 1968 431 2004 beim
443 1968 586 2003 Namen
600 1981 643 2002 zu
656 1968 763 2002 rufen
774 1968 847 2002 und
862 1968 958 2002 dann

215 2016 275 2051 die
293 2016 502 2061 Wehklage
523 2028 566 2050 zu
587 2016 759 2050 erheben.
788 2019 817 2058 1,
834 2019 888 2057 58,
905 2019 957 2050 11.

263 2076 414 2120 decoris]
443 2075 507 2109 des
540 2074 770 2118 Austandes,
804 2074 960 2108 wclcher

217 2122 452 2214 {lelnegggauen
473 2121 868 2166 Zurfickgczogenheit
881 2121 958 2155 auf-

265 2241 452 2292 compote-3]
486 2238 723 2297 g-ewo‘hnlich
755 2238 824 2291 mit
850 2238 958 2295 'Genp

216 2287 471 2369 Zffihsffls?
476 2286 883 2379 ’³22⁰‘21¹1?m¹3¹1¹⁶¹m¹1'5¹il2{³
883 2286 959 2367 ,Ψ

266 2406 411 2451 effusae]
449 2404 518 2439 mil:
552 2405 593 2438 in
618 2414 700 2439 suos
732 2403 958 2437 verbunden.

1030 1824 1210 1870 sowenig‚
1249 1836 1387 1859 warum
1415 1823 1473 1859 die
1499 1823 1671 1869 Anklage
1697 1824 1774 1858 erst

1029 1884 1102 1907 von
1135 1872 1207 1907 dcn
1232 1872 1422 1906 Tribunen
1453 1872 1518 1907 des
1551 1871 1680 1906 Jahres
1706 1874 1774 1906 423

1031 1920 1196 1955 erhoben
1239 1919 1375 1954 wurde.
1448 1917 1775 1954 Wahrscheinlich

1032 1978 1106 2002 war
1128 1966 1164 2001 C.
1180 1966 1312 2001 Furius
1323 1965 1548 2001 inzwischen
1561 1964 1774 2011 ges‘oorben.

1031 2014 1177 2058 Wegen
1214 2014 1277 2048 des
1313 2015 1532 2058 Ausganges
1566 2012 1641 2057 vgl.
1680 2011 1774 2057 Kap.

1033 2061 1187 2104 41,10fl
1220 2089 1224 2094 .

1080 2112 1110 2142 6.
1138 2072 1258 2143 corgam
1283 2107 1330 2153 ei]
1351 2103 1410 2140 ‘zu
1435 2106 1513 2141 ihm
1532 2102 1774 2151 personlich'.

1033 2166 1153 2190 coram
1178 2154 1228 2189 ist
1253 2153 1419 2195 Adverb3
1453 2153 1518 2187 der
1545 2152 1626 2188 Dat.
1655 2154 1687 2188 ei
1711 2163 1775 2198 ge-

1032 2203 1118 2237 horb
1147 2213 1190 2235 zu
1222 2202 1342 2246 inquit
1374 2199 1457 2243 (wie
1479 2205 1509 2244 1,
1525 2204 1581 2244 32,
1598 2203 1639 2235 11
1661 2211 1695 2234 u.
1716 2203 1773 2236 22.

1082 2301 1112 2331 7.
1139 2297 1188 2331 ad
1217 2296 1324 2340 pedes
1358 2295 1546 2337 deducere,
1580 2293 1777 2338 absteigen

1033 2344 1173 2386 lassen,
1195 2343 1290 2377 auch
1303 2345 1358 2385 38,
1374 2346 1429 2384 26,
1447 2346 1478 2377 3.
1505 2341 1591 2386 Vgl.
1605 2342 1654 2377 ad
1667 2341 1777 2386 pedes

1034 2391 1239 2426 descendere
1270 2393 1314 2434 (9,
1332 2394 1386 2433 22,
1410 2393 1470 2433 103
1493 2392 1549 2432 22,
1571 2392 1627 2432 49,
1649 2392 1695 2432 3),
1728 2388 1777 2424 ad

216 2453 372 2498 Vg1.4·2,
389 2456 443 2495 30,
460 2456 479 2486 2
496 2461 587 2497 pars
617 2453 671 2486 ita
705 2452 746 2485 in
779 2450 963 2486 Romanos
1029 2439 1137 2483 1)θᾶθὸ
1172 2438 1315 2484 deyredi
1354 2438 1400 2481 (3,
1421 2439 1476 2480 62,
1497 2440 1534 2478 93
1568 2440 1623 2479 29,
1645 2439 1678 2479 2,
1699 2438 1776 2479 14);

217 2501 323 2544 effusi
365 2504 487 2542 erant,
529 2503 570 2534 ut
605 2499 856 2533 auctoritatem
895 2499 960 2532 im—

219 2548 357 2583 modico
401 2547 524 2590 favore
568 2549 842 2590 corrumperent.
906 2549 960 2588 25,

221 2599 328 2636 20,6;
358 2597 531 2637 29,23‚4.

269 2669 301 2699 4.
339 2665 388 2699 ad
428 2663 543 2710 Veios]
571 2662 622 2697 im
648 2663 678 2697 J.
706 2667 773 2698 426
801 2675 834 2697 v.
862 2661 962 2704 Chr.;

221 2712 297 2757 vgl.
323 2712 415 2756 Kap.
437 2715 610 2754 31‚1--3.

270 2782 390 2805 eorum
434 2770 557 2815 opera]
603 2787 638 2798 =
680 2779 801 2803 eorum
846 2768 963 2812 culpa.

223 2818 297 2850 Aus
334 2817 398 2851 der
431 2816 642 2860 Erz'z'thlung
677 2815 741 2850 des
767 2814 890 2849 Livius
917 2815 966 2849 ish

223 2863 329 2897 nicht
355 2863 585 2907 ersichtlieh,
613 2874 749 2897 warum
777 2860 814 2896 C.
835 2861 965 2896 Furius

223 2910 327 2944 nicht
340 2910 613 2954 mitangeklagt
624 2909 757 2952 wurde,
771 2909 846 2943 und
857 2909 964 2943 eben-

1036 2489 1154 2529 21,46,
1177 2490 1197 2519 6
1232 2485 1307 2519 iam
1339 2494 1473 2529 mayna
1506 2493 1550 2517 eoe
1588 2486 1695 2528 parte
1728 2482 1799 2524 ad,

1030 2533 1138 2578 pedes
1167 2543 1297 2577 puqna
1321 2534 1474 2567 venerat.

1084 2584 1116 2614 8.
1128 2590 1267 2624 ecquem
1280 2607 1285 2613 .
1299 2606 1306 2613 .
1321 2607 1327 2613 .
1338 2578 1491 2622 ecquem]
1504 2575 1775 2621 anaphorische

1036 2626 1330 2670 Wiederholung
1368 2627 1412 2659 st.
1451 2634 1590 2668 ecquem
1612 2651 1618 2657 .
1642 2651 1648 2657 .
1673 2651 1681 2658 .
1700 2626 1776 2658 aut.

1037 2674 1093 2708 Da
1111 2685 1179 2707 nur
1200 2684 1271 2708 von
1291 2672 1433 2706 einem
1453 2670 1604 2714 Konsul,
1633 2669 1777 2704 ciuem

1037 2720 1155 2754 Heere
1195 2719 1254 2754 die
1293 2719 1395 2753 Rede
1430 2717 1496 2761 ist,
1535 2717 1601 2751 hat
1638 2727 1778 2762 ecquem

1037 2767 1119 2802 hier
1161 2766 1260 2801 seine
1296 2764 1520 2810 eigenbliche
1557 2763 1777 2809 Bedeutung

1038 2814 1221 2856 verloren,
1247 2830 1282 2842 =
1306 2816 1440 2847 utrum.

1087 2865 1119 2896 9.
1145 2860 1253 2905 stetit]
1282 2859 1460 2894 bestehen
1479 2857 1591 2902 blieb,
1613 2857 1692 2892 sich
1713 2857 1776 2892 be-

1038 2907 1195 2952 haupteb
1220 2907 1295 2940 hat,
