1799 3105
117 118 176 159 44
627 113 773 148 LIBER
799 113 861 148 IV.
906 111 1009 147 CAP.
1036 116 1091 148 23.
1119 117 1174 149 24.
1444 128 1686 154 a.u.c.320.321.

120 223 381 266 indiceretur
427 222 543 265 omni
582 222 787 264 Etruriae
829 221 1075 277 concilium,
1112 222 1232 264 velut
1276 236 1433 278 magno
1479 223 1577 265 inde
1618 224 1686 265 tu·

120 284 263 325 multu
295 282 547 324 imminente
587 283 762 323 senatus
794 280 926 323 Mam.
958 280 1194 323 Aemilium
1234 281 1488 324 dictatorem
1527 283 1687 324 iterum

73 357 93 387 6
121 343 205 385 dici
243 342 382 384 iussit.
446 341 499 382 ab
541 354 589 382 eo
624 340 673 382 A.
705 339 954 382 Postumius
989 339 1204 382 Tubertus
1243 341 1453 396 magister
1490 341 1685 397 equitum

122 405 188 444 est
220 402 378 455 dictus3
410 400 659 455 bellumque
690 402 815 442 tanto
849 399 1010 442 maiore
1044 414 1174 454 quam
1205 400 1398 455 proxime
1427 404 1584 442 conatu
1617 415 1689 456 ap-

119 463 320 516 paratum
354 462 436 515 est,
469 462 630 514 quanto
662 459 758 514 plus
787 462 880 501 erat
906 459 959 500 ab
987 459 1101 501 omni
1123 459 1302 501 Etruria
1327 459 1525 516 periculi,
1558 474 1687 516 quam

120 521 173 562 ab
207 519 373 561 duobus
406 519 577 574 populis
609 518 762 560 fuerat.

49 581 107 622 24
240 578 307 620 Ea
339 593 406 619 res
440 578 663 633 aliquanto
699 577 1019 633 exspectatione
1053 578 1244 620 omnium
1276 578 1556 634 tranquillior
1592 577 1689 621 fuit.

73 647 92 678 2
119 639 267 694 itaque
300 652 395 679 cum
427 637 722 679 renuntiatum
756 651 781 678 a
818 637 1128 680 mercatoribus
1167 640 1298 693 esset,
1341 640 1502 693 negata
1532 636 1689 680 Veien-

120 698 237 739 tibus
271 697 431 739 auxilia
462 697 690 751 iussosque
724 711 801 738 suo
835 696 1015 739 consilio
1042 696 1203 738 bellum
1231 696 1387 738 initum
1414 696 1503 739 suis
1524 696 1690 739 viribus

123 757 301 811 exsequi
332 771 411 798 nec
453 756 732 798 adversarum
773 770 917 797 rerum
960 770 1164 811 quaerere
1205 756 1364 811 socios,
1396 770 1492 798 cum
1534 756 1689 812 quibus

73 826 93 856 3
122 831 243 871 spem
275 816 493 871 integram
527 815 832 857 communicati
862 829 950 857 non
975 815 1078 870 sint,
1110 817 1202 856 tum
1229 815 1430 870 dictator,
1461 830 1515 858 ne
1540 815 1689 871 nequi-

122 890 251 942 quam
286 878 452 917 creatus
486 878 616 930 esset,
649 874 833 916 materia
858 874 1128 930 quaerendae
1154 874 1268 916 bello
1298 875 1462 930 gloriae
1489 875 1692 930 adempta

122 936 166 976 in
198 949 301 990 pace
336 935 499 990 aliquid
532 934 674 989 operis
709 934 852 989 edere,
885 934 998 989 quod
1036 937 1366 976 monumentum
1405 937 1520 976 esset
1558 934 1691 976 dicta-

122 998 262 1049 turae,
296 995 489 1049 cupiens,
523 1008 747 1037 censuram
780 993 972 1035 minuere
1004 997 1148 1048 parat,
1181 1008 1257 1035 seu
1288 993 1468 1035 nimiam
1499 996 1691 1049 potesta-

121 1057 210 1095 tem
242 1056 382 1108 ratus,
415 1068 489 1095 seu
522 1068 607 1095 non
638 1055 728 1094 tam
770 1053 1069 1108 magnitudine
1102 1052 1278 1094 honoris
1307 1067 1436 1108 quam
1479 1052 1690 1094 diuturni-

122 1116 214 1154 tate
247 1087 447 1158 offens’us.

75 1182 96 1211 4
244 1170 457 1214 Contione
494 1173 642 1227 itaque
682 1172 892 1213 advocata
930 1185 1022 1213 rem
1059 1170 1277 1226 publicam
1315 1170 1421 1212 foris
1460 1171 1693 1226 gerendam

90 1233 108 1281 ρ’
125 1232 187 1274 ait
219 1234 401 1286 tutaque
435 1232 581 1273 omnia
612 1230 876 1286 praestanda
909 1230 1010 1273 deos
1043 1230 1304 1273 immortalis
1338 1231 1597 1286 suscepisse3
1636 1244 1693 1285 se,

91 1290 237 1346 'quod
281 1291 395 1332 intra
440 1306 584 1332 muros
632 1291 846 1345 agendum
891 1293 1027 1346 esset,
1075 1290 1269 1332 libertati
1312 1290 1465 1345 populi
1506 1289 1694 1331 Romani

124 1351 434 1392 consulturum.
489 1350 723 1391 maximam
758 1353 901 1391 autem
936 1349 1027 1391 eius
1061 1349 1302 1391 custodiam
1329 1363 1439 1405 esse,
1473 1349 1510 1390 si
1534 1362 1694 1405 magna

124 1409 306 1465 imperia
339 1409 539 1451 diuturna
571 1424 658 1451 non
690 1412 835 1450 essent
867 1411 910 1450 et
947 1409 1158 1463 temporis
1197 1408 1350 1450 modus
1389 1408 1694 1463 imponeretur,

77 1479 96 1509 5
125 1469 280 1524 quibus
327 1468 431 1509 iuris
477 1468 643 1523 imponi
680 1483 766 1510 non
807 1471 968 1522 posset.
1044 1468 1152 1509 alios
1197 1467 1482 1522 magistratus
1528 1481 1693 1510 annuos

125 1543 236 1584 esse,
270 1528 634 1583 quinquennalem
668 1542 902 1569 censuram.
964 1541 1095 1583 grave
1129 1541 1221 1568 esse
1253 1526 1388 1568 isdem
1420 1541 1496 1582 per
1528 1529 1595 1569 tot
1622 1541 1694 1568 an-

124 1602 220 1643 1103,
253 1601 458 1643 magnam
490 1589 660 1641 partem
681 1587 814 1641 vitae,
847 1587 1055 1643 obnoxios
1078 1586 1233 1629 vivere.
1265 1600 1309 1628 se
1331 1586 1471 1642 legem
1491 1586 1694 1642 laturum,

173 1751 381 1797 concilium]
411 1750 493 1785 eine
520 1749 871 1785 ausserordentliche

125 1799 415 1843 Versammlung
465 1798 530 1833 der
579 1798 873 1843 Abgeordneten

126 1846 336 1929 {elchexgolf
360 1846 491 1880 Stadte
519 1845 584 1879 des
611 1844 873 1880 etruskischen

175 1957 206 1988 6.
227 1957 328 1988 tanto
347 1982 352 1987 .
370 1981 375 1987 .
394 1981 399 1986 .
415 1952 566 1998 quanto]
589 1952 768 1997 cloppelte
784 1951 872 1986 Ver-

126 2000 347 2045 gleichung,
375 1999 500 2034 indem
529 2000 609 2034 sich
636 2011 683 2034 an
710 1998 770 2033 die
796 1998 873 2034 bei-

127 2048 199 2082 den
245 2047 512 2093 Komparative
556 2045 873 2091 Vei-gleichungs-

127 2097 226 2129 s'atze
253 2094 323 2129 mit
348 2107 456 2139 quam
483 2093 726 2129 anschliessen
747 2094 872 2139 (eben-

128 2153 167 2177 so
182 2145 396 2187 27,14,10).

176 2201 236 2236 24.
266 2206 295 2236 1.
316 2201 406 2246 fuit]
429 2200 521 2245 ging
540 2200 709 2244 voi-fiber,
731 2199 872 2234 verlief.

175 2264 207 2296 2.
243 2261 364 2305 itaque
401 2259 538 2304 gehort
568 2270 650 2293 zum
684 2259 873 2294 Nacbsatz

127 2308 285 2343 dictator
305 2336 311 2342 .
329 2336 334 2341 .
352 2336 357 2341 .
367 2311 492 2352 parat.

176 2379 199 2402 α
237 2366 512 2411 mercatoribus]
556 2366 654 2400 clenn
692 2365 761 2400 mit
803 2366 875 2400 den

127 2414 392 2459 Bundestagcn
432 2414 497 2448 der
533 2413 713 2448 Etrusker
752 2424 875 2448 waren

129 2463 276 2497 Messen
314 2461 531 2496 verbunden
573 2460 657 2506 (wie
696 2460 765 2495 mit
803 2461 875 2496 den

128 2509 352 2544 latinischen
378 2509 475 2543 nach
490 2513 520 2552 1,
537 2512 593 2552 30,
608 2511 656 2552 5).

175 2579 240 2604 suo
273 2569 422 2603 consilio
455 2569 583 2603 bellum
615 2568 764 2613 initum]
799 2567 876 2602 die—

129 2616 231 2651 selbe
258 2615 533 2657 Wortstellung
560 2615 628 2650 wie
661 2614 760 2649 beim
785 2615 874 2650 Ver-

127 2663 217 2697 bum
237 2662 382 2697 finitum
404 2664 483 2707 (qui
502 2673 566 2698 suo
582 2663 732 2697 consilio
747 2663 875 2698 bellum

129 2712 310 2754 inissent).
334 2710 419 2754 Vgl.
435 2710 527 2755 Kap.
544 2715 574 2754 4,
592 2714 613 2744 4
632 2711 674 2744 in
693 2714 879 2745 aeternum

127 2758 216 2793 urbe
241 2758 397 2793 condita.

178 2816 258 2840 eum
295 2804 441 2850 quibus]
484 2804 609 2849 Nepos
643 2804 718 2838 und
749 2803 876 2839 Livius

129 2851 279 2895 haugen
306 2863 385 2887 cum
410 2852 517 2886 nicht
544 2863 589 2886 an
616 2852 681 2886 das
708 2851 874 2886 Relativ-

129 2909 334 2944 pronomen
361 2910 416 2934 an.

995 1750 1252 1785 communicati
1270 1761 1345 1785 non
1361 1749 1450 1795 sint]
1465 1766 1501 1778 =
1513 1760 1589 1785 non
1602 1760 1693 1785 com-

946 1798 1239 1840 municavissent,
1249 1794 1258 1807 ‘
1266 1796 1372 1832 nicht
1386 1795 1520 1842 geteilt
1532 1794 1692 1832 hatten'.

946 1845 1021 1880 Das
1052 1845 1161 1880 Wort
1191 1844 1286 1879 wird
1319 1845 1422 1879 sonst
1455 1845 1516 1879 nie
1543 1844 1598 1879 als
1624 1844 1694 1879 De·

946 1903 1087 1938 ponens
1114 1892 1332 1937 gebraucht.

995 1956 1027 1986 3.
1054 1951 1146 1997 tum]
1175 1951 1272 1986 nach
1299 1950 1422 1986 einem
1440 1951 1580 1996 langen
1599 1951 1694 1986 Vor-

948 1999 1093 2034 dersatz
1128 1998 1426 2033 nachdrucklich
1452 1999 1525 2034 den
1549 1998 1693 2044 Haupt-

948 2049 1026 2081 satz
1053 2045 1269 2081 einleitend

996 2109 1029 2139 4
1070 2116 1144 2140 rem
1180 2116 1219 2149 p
1252 2105 1347 2148 foris
1379 2104 1587 2151 =‹mv-endam]
1615 2101 1694 2139 ‘die

947 2152 1109 2196 Leitung
1153 2152 1218 2185 der
1256 2150 1420 2186 ausseren
1457 2151 1694 2208 Angelegen-

947 2197 1103 2243 heiten',
1125 2199 1243 2234 n'aher
1263 2199 1405 2234 erklart
1430 2196 1508 2234 als‘
1519 2199 1693 2234 Gewahr-

947 2246 1113 2328 ileissung
1153 2247 1219 2281 der
1260 2246 1511 2292 allgemeinen
1548 2246 1693 2282 Sicher-

978 2306 1012 2330 ei
1050 2322 1057 2330 .

995 2354 1109 2398 quod.
1127 2382 1132 2387 .
1148 2381 1156 2389 .
1172 2354 1271 2399 esset]
1293 2352 1520 2399 Apposition
1539 2364 1584 2388 zu
1610 2353 1696 2388 dem

950 2400 1056 2436 Satze
1076 2412 1111 2436 se
1131 2402 1291 2436 libertati
1303 2413 1345 2446 p.
1363 2401 1409 2436 R.
1432 2402 1692 2437 consultuffum.

996 2472 1105 2518 iuris]
1146 2471 1215 2506 Die
1251 2471 1311 2506 fiir
1348 2471 1428 2506 ihre
1467 2471 1694 2507 Amtshand-

949 2520 1011 2554 lun
1016 2531 1087 2564 gen
1099 2518 1501 2554 unverantwortlichen
1509 2518 1695 2554 Censoren

950 2566 1115 2602 besassen
1140 2566 1179 2601 in
1212 2569 1379 2612 sp’aterer
1403 2565 1484 2601 Zeit
1512 2565 1595 2601 eine
1620 2565 1695 2600 fast

949 2614 1265 2649 unumschrankte
1304 2613 1442 2648 Macht.
1505 2613 1605 2647 Aber
1642 2612 1694 2646 im

949 2662 979 2696 J.
1002 2666 1072 2696 434
1092 2674 1125 2696 V.
1147 2660 1230 2696 Chr.
1253 2660 1335 2696 sind
1357 2662 1431 2696 erst
1450 2659 1510 2695 die
1537 2659 1694 2695 zweiten

953 2708 1137 2744 Censoren
1174 2708 1226 2743 im
1263 2709 1352 2743 Amt
1388 2707 1464 2742 und
1502 2706 1586 2742 sind
1625 2718 1695 2741 nur

951 2767 1050 2791 neun
1075 2757 1187 2791 Jahre
1213 2756 1344 2790 vorbei
1370 2755 1443 2790 seit
1466 2754 1695 2799 Einsetzung

951 2804 1017 2838 der
1031 2803 1188 2847 Censur,
1215 2803 1356 2837 welche
1377 2814 1401 2837 a
1414 2813 1535 2847 parva
1555 2802 1696 2848 oriyi‘ne

951 2851 1057 2896 (Kap.
1082 2855 1114 2894 8,
1139 2853 1173 2894 2)
1226 2849 1442 2884 allmahlich
1495 2861 1539 2884 zu
1587 2849 1695 2894 jener

949 2896 1413 2932 Machtvollkommenheit
1437 2897 1624 2942 gelangte.
