1799 3105
55 183 286 210 a.chr.n.423.
564 170 707 205 LIBER
735 171 797 206 IV.
843 171 945 206 CAP.
974 176 1029 207 39.
1056 176 1112 207 40.
1568 178 1622 219 67

54 280 194 322 altera.
225 279 368 322 fronte
395 280 555 322 instare
582 279 818 335 Tempanio
849 284 978 336 atque
1005 281 1240 336 equitibus3
1273 282 1346 337 qui
1374 296 1469 324 cum
1499 297 1625 338 saepe

55 340 203 382 conati
228 340 482 394 nequissent
502 354 778 395 perrumpere
799 340 852 381 ad
875 354 993 396 suos,
1019 342 1188 382 tumulo
1211 341 1396 396 quodam
1417 346 1624 397 occupato

54 400 98 440 in
134 399 282 441 orbem
319 414 363 441 se
394 399 670 454 tutabantur,
707 413 980 454 nequaquam
1018 400 1164 455 inulti3
1202 415 1280 442 nec
1317 414 1490 456 pugnae
1527 402 1625 443 finis

56 461 157 501 ante
188 461 359 500 noctem
392 459 484 500 fuit.
548 459 697 500 consul
731 473 899 514 quoque
930 473 1146 514 nusquam
1171 460 1351 502 remisso
1379 462 1625 516 certamine,
1653 471 1673 501 5

54 518 154 560 dum
195 518 423 573 quicquam
465 518 680 573 superfuit
718 518 844 573 lucis,
882 518 1056 560 hostem
1095 520 1246 561 tenuit.
1315 535 1398 562 nox
1436 521 1623 563 incertos
1652 531 1671 561 6

53 577 249 633 diremit3
281 580 515 632 tantusque
549 578 601 618 ab
635 578 924 632 imprudentia
959 581 1137 620 eventus
1170 582 1354 634 utraque
1387 591 1528 621 castra
1560 584 1622 622 te·

51 637 150 678 nuit
175 652 327 692 pavor,
359 640 408 678 ut
433 637 597 679 relictis
626 637 782 679 sauciis
811 641 854 679 et
879 651 1037 692 magna
1064 641 1188 693 parte
1214 638 1622 694 impedimentorum

52 697 180 738 ambo
212 711 291 752 pro
323 697 449 738 victis
489 697 699 738 exercitus
739 712 785 738 se
823 697 868 738 in
905 702 1074 739 montes
1113 698 1332 752 proximos
1371 699 1624 754 reciperent.

49 756 246 798 tumulus
278 759 422 797 tamen
465 756 769 798 circumsessus
808 756 923 798 ultra
962 756 1148 798 mediam
1186 760 1357 799 noctem
1397 763 1474 800 est.
1537 774 1621 815 quo
1651 769 1669 800 7

51 829 148 857 cum
193 815 607 857 circumsedentibus
651 815 899 858 nuntiatum
947 820 1061 858 esset
1109 820 1250 858 castra
1299 817 1466 859 deserta
1517 833 1622 874 esse,

50 875 188 917 victos
220 875 305 917 rati
339 890 439 917 suos
473 878 515 917 et
547 875 650 931 ipsi⁷
684 890 767 930 qua
800 890 1012 931 quemque
1043 876 1088 917 in
1120 876 1310 918 tenebris
1341 891 1477 931 pavor
1507 878 1623 934 tulit,

48 933 267 989 fugerunt.
329 934 591 990 Tempanius
625 939 743 976 metu
775 935 1028 977 insidiarum
1062 950 1162 978 suos
1201 936 1252 978 ad
1290 936 1430 978 lucem
1468 938 1621 979 tenuit.
1649 948 1668 979 8

51 994 281 1049 degressus
315 994 467 1036 deinde
499 995 592 1049 ipse
625 1009 721 1036 cum
753 998 899 1049 paucis
934 996 1222 1050 speculatum⁷
1256 1010 1353 1037 cum
1379 997 1432 1038 ab
1461 998 1618 1039 sauciis

47 1052 249 1095 hostibus
282 1053 540 1096 sciscitando
567 1054 849 1109 comperisset
875 1059 1015 1097 castra
1035 1054 1293 1097 Volscorum
1320 1056 1488 1098 deserta
1517 1071 1622 1112 esse,

48 1112 191 1154 laetus
225 1114 279 1155 ab
311 1114 482 1154 tumulo
516 1128 615 1155 suos
651 1114 830 1156 devocat
864 1117 906 1156 et
938 1114 982 1156 in
1015 1118 1156 1157 castra
1185 1115 1379 1156 Romana
1411 1120 1619 1170 penetrat.

46 1172 123 1214 ubi
162 1187 257 1214 cum
291 1176 415 1214 vasta
454 1172 709 1228 desertaque
748 1174 893 1215 omnia
933 1177 1062 1229 atque
1102 1174 1299 1229 eandem,
1338 1190 1466 1230 quam
1506 1176 1619 1230 apud
1646 1187 1666 1218 9

46 1231 214 1287 hostes,
239 1232 492 1274 foeditatem
519 1233 772 1288 invenisset,
798 1234 1052 1289 priusquam
1073 1233 1254 1276 Volscos
1277 1235 1477 1289 cognitus
1503 1250 1620 1278 error

45 1291 287 1346 reduceret,
322 1292 477 1347 quibus
511 1295 685 1347 poterat
717 1293 872 1334 sauciis
906 1293 1044 1335 ductis
1073 1308 1235 1348 secum,
1267 1294 1462 1350 ignarus,
1489 1309 1620 1350 quam

44 1351 269 1406 regionem
302 1352 453 1393 consul
484 1352 684 1406 petisset,
718 1351 771 1393 ad
796 1352 947 1394 urbem
974 1353 1182 1408 proximis
1209 1353 1436 1395 itineribus
1462 1356 1619 1410 pergit.

163 1411 257 1453 Iam
285 1425 334 1452 eo
372 1411 489 1452 fama
527 1425 699 1467 pugnae
738 1411 944 1454 adversae
983 1416 1309 1468 castrorumque
1349 1413 1617 1456 desertorum
1632 1418 1691 1461 40

14 1475 16 1478 ’
42 1470 212 1524 perlata
239 1472 349 1526 erat,
382 1474 425 1512 et
451 1474 551 1512 ante
579 1471 722 1512 omnia
751 1470 962 1526 deplorati
989 1474 1114 1514 erant
1140 1473 1306 1528 equites
1332 1488 1418 1515 non
1445 1475 1617 1529 privato

44 1530 185 1585 magis
238 1544 367 1585 quam
419 1530 596 1585 publico
641 1530 779 1586 luctu,
822 1530 1070 1587 Fabiusque
1117 1532 1265 1574 consul
1311 1536 1474 1575 terrore
1520 1534 1617 1576 urbi
1643 1545 1663 1576 2

45 1603 217 1644 quoque
261 1589 421 1632 iniecto
471 1589 706 1632 stationem
747 1593 847 1632 ante
891 1595 1039 1646 portas
1085 1592 1261 1647 agebat,
1306 1607 1403 1634 cum
1448 1594 1615 1648 equites

42 1649 194 1702 procul
225 1649 309 1690 visi
352 1663 440 1691 non
485 1649 577 1691 sine
621 1652 787 1692 terrore
828 1650 881 1691 ab
921 1650 1081 1706 dubiis,
1115 1653 1290 1706 quinam
1323 1656 1484 1708 essent,
1517 1668 1616 1695 mox

42 1708 208 1762 cogniti
251 1711 421 1750 tantam
463 1723 513 1750 ex
556 1713 674 1762 metu
718 1709 932 1751 laetitiam
976 1709 1133 1765 fecere,
1166 1713 1216 1752 ut
1259 1711 1421 1753 clamor
1464 1712 1614 1754 urbem

39 1767 297 1822 pervaderet
328 1768 643 1823 gratulantium
678 1768 821 1810 salvos
855 1769 1126 1825 victoresque
1159 1769 1321 1812 redisse
1354 1770 1538 1826 equites,
1573 1775 1614 1814 et
1642 1784 1662 1815 3

914 1910 1177 1956 imprudentia]
1218 1907 1494 1946 ‘Unkenntnis’
1529 1912 1615 1947 sehr

867 1957 987 1991 selten
1000 1957 1068 1992 mit
1084 1957 1174 1993 Gen.
1190 1958 1264 1993 obi.
1282 1958 1369 2003 (ng.
1383 1959 1478 2004 Kap.
1492 1964 1548 2004 41,
1565 1963 1612 2004 2».

915 2008 946 2039 9.
990 2005 1216 2052 foeditatem]
1256 2003 1498 2052 ‘grasslichen
1536 2008 1611 2042 An-

87 1911 121 1942 4.
147 1908 264 1943 altera
293 1907 430 1954 fronte]
466 1919 673 1953 genauerer
698 1910 792 1944 Aus-

40 1954 160 1990 druck
187 1957 280 1990 statt
306 1955 371 1991 des
399 1955 556 1990 zweiten
581 1957 677 1991 hine.

86 2026 128 2062 in
153 2026 288 2073 orbem]
310 2023 447 2061 ‘durch
480 2026 562 2062 eine
592 2027 791 2063 Kreisstel-

39 2070 162 2119 lung'.
212 2073 299 2119 Vgl.
320 2086 365 2109 zu
378 2074 472 2120 Kap.
486 2079 542 2119 28,
558 2079 598 2118 33
626 2079 681 2120 21,
699 2080 753 2120 56,
770 2080 790 2111 2

38 2131 119 2156 cum
175 2122 250 2157 iam
305 2122 347 2157 in
396 2124 512 2158 orbem
557 2128 792 2169 puynarent;

37 2172 93 2211 23,
116 2172 171 2213 27,
192 2173 212 2205 6
234 2170 329 2205 coire
358 2171 401 2205 in
435 2171 550 2206 orbem
563 2185 576 2214 ,·
602 2175 658 2215 28,
674 2175 787 2212 33,15

36 2227 118 2252 eum
156 2217 223 2252 diu
261 2218 302 2252 in
339 2219 456 2253 orbem
496 2229 567 2254 sese
604 2220 788 2256 stantibus

36 2264 138 2309 equis
162 2265 416 2309 defendissent.

84 2339 116 2371 5.
143 2336 352 2382 quicquam]
382 2333 532 2382 ‘irgend
566 2339 696 2382 etwas,
725 2338 787 2373 ein

35 2380 269 2418 Schimmer'.
319 2387 375 2426 35,
399 2388 456 2427 30,
478 2388 523 2420 10
548 2386 669 2430 quoad
693 2387 786 2422 lucis

33 2431 219 2475 superfuit
243 2431 447 2476 quiequam.
484 2431 561 2467 Das
574 2432 786 2469 Pronomen

32 2479 226 2523 qm'squam
273 2478 367 2513 wird
403 2489 499 2514 zwar
542 2481 784 2527 vorwiegend

31 2525 74 2560 in
103 2525 307 2571 negativen
340 2526 484 2571 Samen,
519 2528 700 2564 zuweilen
728 2529 784 2574 je-

35 2572 134 2608 doch
159 2573 256 2609 auch
287 2573 326 2608 in
351 2573 554 2619 positivem
580 2575 693 2611 Sinne
719 2587 783 2621 ge-

33 2619 209 2663 braucht3
235 2620 329 2667 Kap.
352 2625 407 2664 60,
424 2626 461 2665 1;
480 2624 513 2669 1,
530 2626 638 2667 35,3;
670 2626 709 2669 3,
725 2627 781 2667 38,

33 2672 72 2711 9;
111 2669 175 2716 21,
197 2673 251 2713 10,
274 2673 313 2713 3;
351 2670 420 2717 25,
445 2674 477 2714 6,
502 2674 563 2714 173
595 2673 664 2719 33,
686 2676 717 2716 3,
741 2676 781 2715 43

31 2716 101 2762 42,
116 2720 173 2760 34,
191 2720 246 2751 13.

81 2790 114 2821 6.
140 2787 310 2834 incertos]
332 2784 404 2823 ‘sie
440 2788 537 2824 ohne
573 2789 655 2825 eine
690 2789 780 2824 Ent-

32 2831 270 2879 scheidung'‚
320 2852 356 2864 =
400 2837 576 2872 incertam
614 2848 779 2882 pugnam

32 2880 82 2925 (d.
108 2881 145 2916 h.
166 2892 346 2928 puynam,
372 2884 478 2919 euius
502 2889 647 2920 eventus
667 2885 780 2919 ineer-

30 2931 91 2963 tus
109 2930 212 2974 erat).
256 2929 342 2975 Vgl.
361 2934 418 2975 23,
434 2935 491 2975 33,
507 2936 527 2967 3
548 2932 698 2966 incertis
715 2931 779 2966 ad-

29 2975 101 3011 huc
125 2977 277 3012 viribus.

864 2050 984 2087 blick'
1019 2053 1102 2098 (mit
1134 2053 1259 2099 Bezug
1293 2054 1361 2089 auf
1392 2058 1451 2097 §6
1477 2055 1614 2091 relictis

863 2101 1026 2145 sauciis).
1077 2101 1162 2146 Vgl.
1190 2105 1245 2145 21,
1267 2106 1322 2145 58,
1345 2106 1365 2137 3
1384 2103 1412 2146 f.
1438 2103 1589 2148 Alpium
1600 2117 1615 2146 ,-

865 2152 920 2192 31,
936 2152 992 2191 34,
1007 2153 1029 2183 4
1047 2149 1074 2192 f.
1101 2149 1302 2184 vulnerum.

909 2197 1041 2240 quibus
1055 2197 1141 2242 ete]
1151 2198 1343 2241 =saucz'is,
1358 2208 1447 2243 quos
1453 2202 1611 2243 poterat,

860 2243 991 2287 ductis,
1002 2243 1611 2289 gracisierendeKasusattraktion

858 2290 961 2326 beim
985 2291 1211 2335 Relativum,
1238 2292 1309 2327 wie
1324 2297 1356 2336 1,
1371 2295 1609 2338 29‚4raptim

859 2339 992 2383 quibus
1017 2341 1167 2384 quisque
1186 2344 1337 2385 poterat
1358 2341 1471 2376 elatzs.

906 2387 1038 2433 seeum]
1082 2399 1166 2421 zum
1206 2387 1291 2422 Abl.
1334 2388 1412 2422 abs.
1451 2390 1609 2432 geset-zt,

859 2434 914 2468 als
950 2434 1056 2469 stehe
1083 2435 1150 2469 das
1181 2434 1282 2469 Part.
1310 2435 1423 2480 conj.:
1450 2436 1609 2479 saucios,

857 2482 1512 2576 qugzpffezztglggffigffczgggen
1537 2530 1605 2565 der

855 2576 1182 2622 hervorragenden
1207 2576 1382 2621 Stellung
1400 2577 1467 2612 der
1483 2576 1609 2613 Ritter

855 2623 907 2658 im
929 2623 1059 2659 Staate
1085 2627 1182 2658 w'are
1204 2625 1270 2659 der
1283 2624 1505 2670 Untergang
1524 2625 1605 2659 der—

857 2671 986 2705 selben
1007 2670 1066 2706 ein
1088 2671 1324 2707 offentliches
1345 2671 1520 2717 Unglfick
1540 2684 1604 2717 ge-

854 2729 991 2754 wesen.

904 2781 935 2812 2.
961 2778 1151 2812 stationem
1164 2789 1280 2823 aqere,
1298 2777 1443 2813 Wache
1458 2779 1603 2815 stehen.

854 2824 942 2859 Tac.
968 2824 1064 2859 Hist.
1092 2829 1124 2868 1,
1139 2829 1183 2860 28
1198 2829 1301 2860 u.29.

901 2884 946 2919 ab
985 2884 1123 2930 dubiis]
1163 2884 1197 2918 d.
1235 2884 1272 2919 h.
1311 2885 1397 2920 weil
1430 2896 1515 2920 man
1549 2885 1600 2921 im

851 2930 1005 2966 Zweifel
1037 2942 1128 2974 war3
1162 2931 1243 2967 eine
1281 2932 1457 2968 iihnliche
1491 2933 1602 2969 Wen-

854 2978 957 3024 dung
981 2979 1066 3014 tritt
1092 2978 1151 3013 ein
1177 2979 1237 3014 ffir
1261 2981 1539 3026 yratulantiurn.

1316 3039 1365 3074 o*
