1799 3105
186 98 238 138 14

710 93 849 127 LlBEH
881 93 939 129 IV.
985 91 1086 127 CAP.
1116 98 1146 128 5.
1175 98 1205 128 G.

1563 114 1588 132 a.
1602 113 1631 132 u.
1645 113 1670 132 c.
1684 106 1746 132 ³09.

135 217 153 245 3
182 202 316 256 plebi,
350 203 580 244 minaberis
615 202 818 243 tribuno?
853 201 972 256 quid,
1006 201 1042 242 si
1074 215 1176 256 non,
1210 204 1418 256 quantum
1457 202 1566 244 istae
1603 201 1745 243 minae

182 261 385 303 adversus
420 261 558 315 plebis
594 274 847 302 eonsensum
882 260 1091 314 valerent,
1123 260 1190 302 bis
1229 261 1317 301 iam
1356 260 1521 314 experti
1559 260 1744 302 essetis?

182 321 347 362 seilicet
379 320 479 374 quia
506 320 630 360 nobis
660 320 900 369 consultum
928 319 1159 373 volebatis,
1194 319 1425 361 certamine
1452 319 1747 373 abstinuistis;

181 394 234 420 an
268 379 360 421 ideo
394 393 477 419 non
513 382 578 419 est
612 378 880 431 dimicatum,
920 378 1054 433 quod,
1091 393 1198 433 quae
1238 393 1335 433 pars
1375 379 1558 433 firmior,
1596 377 1744 420 eadem

133 455 149 481 .1
182 438 416 480 modestior
435 438 545 479 fuit?
572 452 648 479 nee
668 452 779 479 nunc
800 437 881 479 erit
909 440 1142 491 certamen,
1164 437 1364 487 Quirites.
1392 438 1558 479 animos
1577 440 1744 479 vestros

134 507 151 535 ,3
180 497 244 538 illi
277 498 555 550 temptabunt
587 511 774 551 semper,
802 498 912 538 vires
939 511 1024 538 non
1052 497 1336 551 experientur.
1378 496 1525 551 itaque
1550 496 1604 538 ad
1629 495 1747 538 bella

180 558 282 611 ista,
321 571 392 597 seu
437 556 549 597 falsa
588 571 659 597 seu
695 571 793 597 vera
832 559 949 610 sunt,
990 556 1205 610 eonsules,
1243 558 1394 610 parata
1432 555 1557 597 vobis
1593 555 1743 611 plebes

181 619 263 669 est,
303 616 339 656 si
379 615 572 657 conubiis
607 615 783 657 redditis
819 630 945 656 unam
978 615 1086 656 hane
1120 615 1342 657 civitatem
1374 614 1548 656 tandem
1587 613 1744 669 facitis,

179 674 214 714 si
237 675 493 729 coalescere,
514 675 550 715 si
572 675 689 729 iungi
720 674 973 729 miscerique
996 674 1116 716 vobis
1144 674 1323 728 privatis
1349 673 1744 716 necessitudinibus

178 738 377 787 possunt,
411 734 447 775 si
476 748 592 788 spes,
619 734 656 775 si
684 734 826 775 aditus
854 733 906 774 ad
933 734 1118 775 honores
1140 734 1243 775 viris
1271 733 1458 776 strenuis
1487 735 1530 775 et
1555 732 1743 775 fortibus

179 793 322 847 datur,
361 793 397 835 si
438 794 478 834 in
520 793 754 847 consortio,
794 793 829 834 si
870 793 912 833 in
952 793 1159 837 societate
1198 793 1260 834 rei
1299 792 1497 847 publicae
1535 806 1649 846 esse,
1693 791 1742 846 si,

179 852 291 906 quod
337 867 497 907 aequae
543 852 759 893 libertatis
807 856 891 906 est,
934 852 977 893 in
1022 851 1158 893 vicem
1213 851 1363 893 annuis
1414 849 1742 906 magistratibus

131 927 150 954 εἰ

129 1208 153 1245 (3

178 926 326 964 parere
361 916 489 966 atque
521 912 770 965 imperitare
803 911 917 953 lieet.

979 912 1015 952 si
1046 911 1152 952 haec
1183 911 1390 964 impediet
1422 909 1600 965 aliquis,
1632 909 1742 951 ferte

178 971 446 1012 sermonibus
481 974 523 1011 et
556 970 843 1024 multiplicate
876 970 993 1011 fama
1031 970 1164 1024 bella3
1202 983 1328 1011 nemo
1368 972 1434 1011 est
1469 983 1627 1010 nomen
1671 968 1742 1010 da—

176 1037 316 1084 turus,
354 1044 479 1071 nemo
520 1045 638 1071 arma
678 1032 900 1084 capturus,
938 1044 1063 1071 nemo
1103 1029 1384 1071 dimicaturus
1423 1042 1500 1083 pro
1541 1027 1741 1082 superbis

177 1088 378 1143 dominis,
413 1103 508 1130 eum
535 1089 689 1143 quibus
717 1103 792 1130 nee
818 1089 862 1130 in
890 1103 933 1130 re
962 1088 1131 1143 publiea
1156 1088 1370 1130 honorum
1396 1101 1474 1129 nee
1499 1087 1543 1128 in
1570 1087 1740 1142 privata

175 1148 348 1189 conubii
381 1149 563 1190 societas
597 1149 685 1190 est?

297 1206 403 1248 Cum
438 1208 480 1248 in
514 1208 760 1249 contionem
793 1212 834 1248 et
867 1207 1064 1249 eonsules
1098 1206 1409 1260 processissent
1435 1208 1479 1248 et
1504 1219 1571 1246 res
1598 1219 1623 1246 a
1649 1219 1742 1260 per-

175 1267 316 1320 petuis
351 1267 618 1308 orationibus
654 1267 696 1308 in
730 1267 1056 1308 altercationem
1087 1266 1310 1320 vertisset,
1341 1265 1631 1320 interroganti
1662 1263 1738 1306 tri-

129 1342 146 1368 -2
176 1326 308 1379 buno,
342 1341 414 1367 cur
447 1326 661 1379 plebeium
697 1327 917 1368 consulem
950 1326 1041 1367 fieri
1073 1340 1160 1367 non
1193 1326 1430 1379 oporteret,
1469 1325 1516 1365 ut
1553 1323 1739 1366 fortasse

175 1399 290 1438 vere,
330 1385 390 1426 sie
422 1399 573 1438 parum
611 1385 778 1426 utiliter
817 1386 860 1426 in
906 1399 1106 1439 praesens
1153 1388 1370 1426 certamen
1413 1382 1740 1437 responderunt,

175 1444 287 1498 quod
322 1459 446 1485 nemo
482 1444 673 1497 plebeius
709 1445 902 1498 auspicia
934 1444 1130 1498 haberet,
1162 1443 1342 1497 ideoque
1376 1442 1638 1484 decemviros
1671 1455 1738 1483 co-

174 1554 289 1584 mente
327 1549 488 1594 adiyere,
519 1545 734 1591 'jemanden
772 1548 810 1582 in
848 1548 919 1582 Eid

173 1595 350 1639 nehmen,
392 1596 469 1629 ihm
513 1595 618 1629 einen
666 1595 819 1630 Schwur
857 1596 919 1630 ab-

172 1641 354 1678 nehmen'.

221 1696 251 1726 3.
280 1692 368 1735 quid
395 1691 481 1736 ete]
500 1688 590 1724 'was
614 1691 738 1725 wu'rde
760 1692 836 1724 erst
855 1702 916 1733 ge-

176 1738 355 1781 schehen,
385 1735 570 1772 τνθυ11.,.’”

219 1786 412 1831 quantum]
440 1785 522 1820 hier
540 1783 676 1819 ='wie
705 1782 848 1830 wenig'.

220 1831 288 1877 bis]
317 1833 378 1868 bei
405 1833 476 1867 den
503 1832 636 1867 beiden
667 1832 915 1875 Secessionen,

172 1886 239 1916 4214
269 1881 341 1915 und
368 1885 446 1914 449.

219 1933 251 1962 4.
286 1928 526 1973 temptabunt]
565 1926 624 1961 Sie
665 1927 813 1962 werden
850 1939 918 1961 nur

171 1987 283 2010 euren
319 1976 400 2010 Mut
434 1975 500 2009 auf
532 1974 592 2009 die
626 1974 745 2008 Probe
773 1975 916 2017 stellen,

171 2024 258 2058 aber
285 2034 323 2058 es
350 2023 454 2057 nicht
483 2034 525 2056 zu
546 2021 667 2056 einem
689 2021 917 2056 ernstlichen

173 2069 330 2115 Kampfe
357 2070 530 2105 kommen
557 2070 690 2104 lassen.

219 2123 250 2152 5.
265 2129 378 2152 unam
397 2118 491 2152 hanc
517 2117 710 2161 civitatem]
734 2116 847 2150 nahor
862 2127 915 2150 er-

170 2164 269 2198 klart
312 2165 427 2198 durch
467 2163 527 2198 die
567 2163 770 2207 folgenden
810 2163 916 2197 Satze

169 2211 238 2246 mit
249 2210 587 2246 nachdrfieklieher
607 2210 782 2254 H'aufung
797 2211 860 2244 des
872 2212 912 2245 si.

211 2260 381 2304 possunt]
436 2258 510 2292 Das
557 2257 715 2299 Subjekt
759 2257 808 2291 ist
850 2268 913 2291 aus·

168 2307 285 2351 plebes
310 2318 351 2340 zu
380 2305 614 2340 entnehmen.

219 2367 257 2400 in
311 2366 489 2400 consortio
538 2366 623 2409 eto!
667 2363 703 2397 in
745 2362 913 2408 gleieher

168 2413 243 2446 und
281 2412 551 2457 gemeinsamer
579 2411 821 2455 Verwaltung
848 2411 911 2445 des

172 2460 332 2495 Staates.

215 2520 353 2554 annuis
371 2519 660 2564 magistratibus]
688 2517 767 2552 Abl.
795 2517 910 2551 absol.

216 2579 309 2622 lieet}
339 2577 416 2612 scil.
430 2579 520 2612 viris
529 2577 687 2612 strenuis
707 2581 737 2611 et
755 2577 913 2619 fortibus

167 2625 258 2670 (vgl.
302 2636 345 2659 zu
390 2624 482 2669 Kap.
528 2629 559 2667 3,
599 2626 666 2668 16),
713 2623 783 2658 mit
827 2623 910 2657 dem

167 2671 434 2717 Hauptbegriff
455 2672 664 2717 imperitare
683 2671 909 2714 verbunden,

167 2719 336 2764 dagegen
357 2730 400 2753 zu
422 2718 506 2753 dem
531 2730 600 2753 nur
619 2717 802 2753 nebenbei
828 2716 908 2751 hin-

167 2766 394 2811 zugeffigten
417 2777 546 2811 parere
570 2765 677 2800 nicht
701 2764 873 2810 passend.

215 2829 245 2859 6.
277 2826 365 2866 ferte
396 2825 634 2870 sermonibus]
664 2821 786 2858 ‘redet
812 2820 908 2866 von’,

166 2870 234 2905 mit
274 2871 357 2904 <lem
397 2869 536 2912 Objekt
574 2872 680 2912 bellem
722 2870 908 2905 ironische

995 1547 1271 1592 Aufforderung
1292 1548 1385 1581 statt
1405 1546 1506 1581 eines
1518 1544 1737 1582 Konzessiv—

994 1597 1111 1630 sa-tzes
1139 1606 1182 1628 zu
1208 1605 1309 1629 nemo
1329 1598 1379 1629 est
1406 1595 1474 1628 ete.

1040 1644 1080 1677 in
1111 1654 1149 1677 re
1177 1642 1344 1687 publica]
1383 1640 1443 1676 die
1478 1639 1739 1686 gewohnliehe

993 1689 1267 1734 Wortstellung
1285 1690 1381 1723 trotz
1402 1688 1467 1723 des
1486 1687 1738 1733 Gegensatzes

994 1739 1032 1772 in
1067 1738 1227 1782 privata.
1284 1735 1368 1781 Vgl.
1401 1734 1475 1770 Cic.
1508 1734 1608 1770 Lael.
1640 1738 1659 1778 ἓ
1691 1738 1737 1770 15

991 1795 1143 1829 quocum
1163 1785 1253 1819 mihi
1277 1784 1471 1818 coniuncta
1497 1793 1586 1818 cura
1611 1782 1654 1818 de
1663 1793 1736 1827 pu·

993 1833 1087 1867 blica
1107 1843 1144 1867 re
1174 1827 1353 1875 (‘Leben')
1374 1835 1406 1866 et
1425 1831 1467 1866 de
1480 1831 1633 1876 privata
1649 1830 1735 1874 fuit.

1041 1880 1074 1914 6.
1105 1884 1133 1915 1.
1144 1878 1415 1924 processissent]
1437 1888 1504 1912 aus
1524 1877 1591 1912 der
1609 1875 1735 1912 Kurie.

1039 1927 1240 1971 altercatio}
1288 1924 1566 1967 Wechselrede,
1610 1923 1735 1959 Wort-

993 1974 1170 2009 weohsel:
1197 1973 1311 2008 kurze
1337 1972 1468 2007 Reden
1492 1971 1567 2006 und
1588 1970 1732 2016 Gegen-

992 2022 1105 2056 reden
1150 2020 1200 2054 im
1245 2020 1452 2065 Gegensatz
1485 2030 1528 2053 zu
1565 2018 1638 2052 den
1672 2029 1734 2052 zu—

991 2067 1382 2113 sammenh'angenden
1427 2065 1566 2101 Reden.
1638 2065 1734 2110 Kap.

1036 2162 1209 2207 vertisset]
1239 2165 1368 2197 vertere
1399 2160 1492 2195 wird
1517 2159 1579 2194 bei
1604 2159 1733 2194 Livius

989 2210 1044 2244 oft
1070 2210 1107 2243 in
1135 2208 1345 2244 reflexivem
1374 2207 1485 2243 Sinne
1511 2207 1730 2252 gebraucht.

1036 2262 1067 2291 2.
1104 2257 1282 2301 ut...sie]
1321 2256 1410 2290 oder
1442 2260 1482 2291 ut
1573 2255 1639 2299 ita,
1670 2253 1730 2289 hei

988 2303 1114 2338 Livius
1141 2304 1276 2348 hstufig,
1303 2321 1338 2332 =
1364 2301 1635 2338 zwar...aber.

1035 2352 1090 2396 in]
1119 2349 1175 2385 <in
1209 2350 1416 2385 Rucksioht
1440 2346 1518 2384 auf’
1547 2350 1640 2384 statt
1664 2348 1730 2384 ad:

988 2404 1018 2442 τ’),
1049 2403 1102 2442 18,
1130 2406 1149 2432 3
1176 2399 1230 2433 rei
1254 2399 1409 2433 maxime
1434 2399 1475 2432 in
1498 2397 1562 2432 hoc
1593 2400 1732 2440 tempus

988 2447 1072 2481 utili
1081 2461 1093 2489 ,·
1119 2451 1174 2489 37,
1199 2450 1250 2489 15,
1276 2449 1293 2479 7
1321 2446 1362 2480 in
1387 2445 1480 2480 duas
1498 2454 1554 2479 ‘res
1578 2452 1731 2489 maqms

989 2495 1025 2528 id
1050 2495 1137 2529 usui
1159 2494 1259 2537 ἴστε,
1285 2492 1371 2527 Tae.
1398 2492 1573 2526 Germ.21
1590 2490 1731 2526 utiliter

987 2543 1024 2575 in
1047 2541 1247 2586 publicum.

1034 2587 1231 2631 diremisse!
1259 2587 1343 2631 Vgl.
1371 2597 1414 2620 zu
1439 2585 1532 2630 Καρ.
1557 2588 1589 2627 4,
1611 2587 1643 2619 9.

1032 2635 1186 2681 incerta]
1223 2629 1437 2679 ‘ungewiss'‚
1476 2630 1656 2666 zuweilen
1688 2629 1727 2665 in

984 2681 1171 2727 passivem
1199 2681 1304 2717 Sinn:
1332 2685 1364 2722 3,
1388 2683 1440 2722 15,
1467 2682 1505 2721 8;
1532 2681 1589 2721 23,
1610 2681 1666 2721 33,
1687 2681 1725 2718 33

985 2733 1039 2772 27,
1062 2733 1118 2772 37,
1139 2733 1170 2764 5.

1030 2776 1199 2821 auspicia
1225 2773 1476 2818 twrbarentwr]
1500 2771 1727 2818 spx-sminge

982 2834 1048 2857 aus
1073 2822 1292 2857 Misehehen
1317 2823 1452 2865 trugen
1477 2819 1584 2854 nicht
1601 2818 1726 2854 reines

985 2868 1245 2904 Patrizierblut
1269 2867 1306 2901 in
1327 2866 1418 2909 sich,
1438 2866 1513 2902 und
1533 2866 1582 2901 da.
1600 2876 1639 2901 es
1657 2877 1724 2900 un-
