1799 3105
137 118 166 138 a·
187 111 254 138 chr.
273 118 302 136 n.
321 112 385 137 460.

662 100 809 136 LIBER
834 100 897 136 111.
944 100 1046 135 CAP.
1076 104 1131 135 19.
1157 104 1214 136 20.
1656 102 1713 143 35

139 210 258 252 tatis.
313 212 407 251 tum
438 209 611 251 hercule
643 209 720 250 illo
748 209 827 263 die,
861 224 945 263 quo
974 223 1055 263 ego
1084 209 1234 250 consul
1261 223 1358 250 sum
1385 211 1568 264 creatus,
1600 211 1712 252 male

139 271 264 324 gesta
296 283 365 310 res
391 269 568 323 publica
601 271 679 323 est,
710 269 833 323 peius
860 269 1013 323 multo,
1048 283 1177 323 quam
1204 282 1300 310 cum
1326 267 1372 309 P.
1386 267 1588 310 Valerius
1615 284 1712 311 con-

139 329 205 370 sul
236 328 378 382 periit,
411 329 447 369 si
482 327 692 370 tuleritis.³

260 387 378 429 ‘Iam
417 388 604 442 primum
643 386 861 429 omnium'
900 387 1060 442 inquit,
1102 386 1329 441 eQuirites,
1361 387 1406 428 in
1445 386 1629 429 Volscos
1668 390 1711 429 et
1740 398 1781 429 12

136 446 314 501 'Aequos
358 447 466 488 mihi
512 449 640 501 atque
685 446 876 500 collegae
922 446 1114 501 legiones
1159 447 1312 488 ducere
1356 446 1402 487 in
1445 447 1589 488 animo
1635 449 1711 488 est.

136 506 281 548 nescio
316 521 400 560 quo
433 506 525 547 fato
558 505 698 559 magis
732 505 947 547 bellantes
987 520 1116 560 quam
1155 506 1300 560 pacati
1338 505 1550 560 propitios
1583 506 1713 547 habe-

137 580 234 607 mus
268 565 383 607 deos.
434 568 646 620 quantum
672 565 910 618 periculum
938 564 991 606 ab
1020 564 1109 605 illis
1136 565 1308 618 populis
1340 565 1484 622 flssffltsst,
1517 565 1554 606 si
1587 563 1712 619 Capi·
1762 581 1767 592 ·

137 624 293 666 tolium
326 625 379 665 ab
414 624 610 665 exulibus
644 624 869 665 obsessum
903 624 1100 678 scissent,
1141 624 1350 678 suspicari
1388 623 1438 665 de
1477 624 1711 678 praeterito
1768 622 1771 626 ’

137 698 267 738 quam
298 698 343 724 re
376 683 473 737 ipsa
505 683 689 737 experiri
722 686 789 724 est
820 682 1004 724 melius.>

254 741 453 784 Moverat
483 742 655 797 plebem
694 742 833 784 oratio
867 742 1077 798 consulis,
1118 742 1249 783 erecti
1280 744 1429 796 patres
1462 743 1709 785 restitutam
1724 743 1783 785 20

136 801 369 844 credebant
400 816 491 844 rem
525 802 756 856 publicam.
808 802 958 844 consul
992 802 1113 856 alter,
1147 815 1290 843 comes
1318 801 1555 844 animosior
1581 818 1712 857 quam

135 863 297 915 auctor,
330 861 568 916 suscepisse
596 861 810 916 collegam
836 861 1023 915 priorem
1057 861 1253 902 actiones
1287 863 1377 902 tam
1404 862 1550 916 gravis
1582 862 1710 904 facile

133 934 300 975 passus,
338 921 384 961 in
423 921 681 975 peragendis
721 921 961 962 consularis
1008 920 1139 962 officii
1184 923 1355 974 partem
1401 921 1454 962 ad
1494 935 1538 962 se
1576 922 1713 963 vindi-

134 980 274 1022 cabat.
330 982 424 1021 tum
456 980 624 1022 tribuni
657 980 880 1022 eludentes
912 980 1030 1022 velut
1060 994 1174 1022 vana
1207 980 1323 1022 dicta
1354 981 1557 1035 persequi
1584 995 1711 1036 quae·
1738 991 1760 1022 2

132 1039 279 1094 rendo,
312 1053 501 1094 quonam
535 1039 663 1081 modo
699 1039 932 1081 exercitum
964 1039 1159 1081 educturi
1192 1039 1390 1081 consules
1418 1043 1572 1095 essent,
1605 1055 1712 1096 quos

135 1098 340 1140 dilectum
379 1098 539 1140 habere
584 1113 711 1140 nemo
756 1113 963 1153 passurus
1007 1098 1151 1141 esset?
1220 1098 1365 1140 ‘nobis
1404 1099 1529 1141 vero'
1571 1100 1713 1156 inquit
1739 1111 1758 1141 3

136 1157 364 1207 Quinctius
405 1157 536 1198 ‘nihil
568 1158 726 1200 dilectu
759 1173 867 1212 opus
902 1161 984 1211 est,
1022 1173 1138 1212 cum,
1174 1173 1257 1213 quo
1289 1160 1486 1213 tempore
1520 1159 1564 1201 P.
1584 1159 1711 1202 Vale-

134 1217 223 1258 rius
267 1217 319 1258 ad
358 1217 656 1271 recipiundum
696 1216 963 1272 Capitolium
1004 1232 1125 1259 arma
1156 1217 1275 1272 plebi
1314 1218 1450 1272 dedit,
1483 1233 1633 1260 omnes
1666 1219 1711 1260 in

134 1276 268 1318 verba
298 1276 536 1318 iuraverint
563 1279 849 1319 conventuros
884 1292 928 1318 se
954 1277 1076 1318 iussu
1102 1277 1291 1319 consulis
1317 1291 1397 1318 nec
1423 1278 1592 1319 iniussu
1620 1278 1710 1319 abi—

133 1338 268 1377 turos.

333 1335 540 1377 edicimus
573 1337 733 1391 itaque,
766 1350 927 1390 omnes,
960 1337 1033 1391 qui
1065 1336 1109 1377 in
1135 1336 1269 1377 verba
1293 1336 1484 1392 iurastis,
1517 1337 1710 1379 crastina
1737 1348 1757 1378 4

132 1395 200 1436 die
234 1395 389 1436 armati
422 1395 475 1436 ad
507 1396 649 1437 lacum
675 1395 896 1451 Regillum
938 1395 1116 1438 adsitis.³

1182 1395 1376 1437 cavillari
1417 1398 1512 1437 tum
1549 1397 1714 1439 tribuni

133 1456 176 1495 et
219 1454 430 1509 populum
477 1455 695 1496 exsolvere
733 1455 945 1510 religione
993 1455 1122 1497 velle:
1167 1455 1388 1509 privatum
1428 1470 1477 1497 eo
1518 1458 1713 1511 tempore

178 1607 272 1653 tum]
294 1607 436 1642 erklart
449 1607 565 1642 durch
588 1607 654 1642 das
674 1607 745 1643 mit
760 1608 885 1643 Nach-

132 1653 251 1689 druck
264 1666 330 1690 ans
349 1655 453 1690 Ende
472 1654 645 1700 gestellte
664 1656 699 1690 si
715 1656 885 1690 tuleritis.

181 1705 238 1738 12.
275 1703 350 1737 iam
377 1703 543 1747 primum
574 1703 751 1749 omnium]
792 1702 884 1737 ‘fiirs

133 1749 328 1784 allererste
352 1750 468 1793 nun’;
496 1750 633 1785 ebenso
661 1750 695 1794 1,
724 1755 757 1793 1,
787 1754 823 1794 1;
851 1751 884 1794 5,

131 1800 188 1840 51,
203 1801 242 1840 6;
263 1796 324 1841 21,
346 1801 403 1841 62,
425 1801 462 1840 73
482 1796 544 1839 22,
565 1801 622 1841 37,
644 1800 681 1840 53
701 1797 762 1841 28,
783 1801 827 1832 39
850 1800 883 1835 5.

178 1844 317 1890 inquit]
344 1844 425 1879 hier
450 1844 690 1890 wieder-holt,
724 1857 785 1880 um
813 1845 884 1880 den

132 1889 274 1927 Schluss
301 1892 366 1927 der
386 1891 491 1927 Rede
511 1891 712 1928 besonders
731 1893 884 1928 hervor-

131 1939 311 1975 zuheben.

177 1987 333 2032 leqiones
347 1987 491 2033 ducere]
506 1986 594 2032 Vgl.
608 1998 652 2021 zu
665 1987 759 2032 Kap.
777 1991 832 2031 10,
849 1991 884 2022 9.

176 2035 296 2070 neseio
322 2034 408 2080 quo]
444 2035 540 2070 auch
572 2034 634 2069 bei
666 2034 794 2070 Cicero
828 2035 884 2070 oft

130 2080 200 2117 wie
227 2080 288 2117 ein
324 2082 533 2117 Pronomen
557 2081 796 2117 indefinitum
823 2084 882 2127 (=

130 2130 300 2174 quodam,
313 2130 451 2175 aliquo)
466 2129 691 2175 gebraucht3
711 2130 884 2165 habemus

130 2177 180 2212 ist
222 2176 442 2222 Hauptverb
488 2177 552 2212 des
595 2176 737 2222 Satzes;
783 2181 883 2213 w’are

131 2225 250 2260 nescio
271 2224 505 2269 Hauptverb,
527 2236 568 2261 so
586 2223 718 2260 mu‘sste
737 2224 882 2271 folgen:

132 2282 203 2316 quo
225 2299 231 2306 .
254 2300 261 2307 .
284 2301 290 2307 .
311 2272 517 2308 habeamus.

179 2319 364 2363 suspicari
388 2320 430 2354 de
449 2320 668 2365 praeterito]
702 2331 768 2355 aus
800 2320 883 2354 dem

132 2365 406 2411 Vergangenen
429 2366 666 2402 abnehmen'.

181 2413 244 2448 20.
284 2417 315 2448 1.
354 2424 466 2448 comes
486 2441 493 2448 .
517 2442 553 2449 ..
585 2414 730 2460 auctor]
772 2414 883 2450 (Τ611-

131 2461 287 2496 nehmer
308 2487 314 2494 .
337 2487 344 2494 .
368 2488 375 2495 .
396 2460 559 2506 Leiter',
585 2461 638 2496 im
663 2462 884 2507 Folgenden

135 2507 341 2543 chiastisch
367 2508 520 2544 erkl'art.

179 2556 222 2590 in
229 2555 467 2602 peragendis]
481 2555 595 2590 n'aml.
605 2556 666 2599 eis,
681 2556 714 2592 d.
724 2556 760 2590 h.
773 2558 884 2592 aetio·

131 2604 252 2639 nibus.
278 2606 336 2648 23,
359 2607 391 2648 9,
413 2607 431 2638 1
458 2604 555 2638 velut
573 2604 607 2638 si
625 2604 701 2639 iam
719 2605 882 2649 aqendi&

133 2662 226 2696 quae
251 2650 438 2694 audiebat,
462 2652 658 2687 interesset.

180 2699 387 2734 consularis
424 2699 542 2742 officii
574 2702 718 2743 partem
762 2699 811 2733 ad
848 2709 884 2734 se

132 2746 362 2792 vindicabat]
394 2746 522 2782 ‘nahm
559 2746 668 2781 einen
701 2745 784 2781 Τ611
818 2747 884 2781 der

132 2793 442 2829 konsularischen
475 2793 676 2829 Geschafte
710 2793 770 2827 fiir
803 2793 881 2828 sich

132 2839 172 2874 in
185 2841 412 2886 Anspmeh’.
446 2842 495 2877 ad
509 2852 544 2877 se
557 2842 747 2876 vindicare
766 2841 883 2876 findet

133 2887 212 2922 sich
238 2889 334 2923 auch
359 2889 395 2932 9,
422 2893 479 2933 43,
507 2892 552 2924 14
578 2889 653 2924 und
682 2887 743 2933 44,
766 2892 822 2933 14,
842 2892 881 2933 83

960 1607 1130 1642 fiblicher
1149 1607 1199 1643 ist
1218 1608 1290 1643 sibi
1308 1608 1499 1643 vindicare
1519 1609 1608 1644 oder
1620 1607 1713 1645 bloss

958 1655 1165 1690 vindicare.

1008 1706 1040 1737 2.
1062 1702 1250 1748 persequi]
1285 1702 1362 1738 scil.
1390 1714 1448 1746 ea,
1475 1702 1527 1738 sie
1555 1703 1713 1739 suchten

960 1749 1020 1784 die
1047 1750 1179 1784 Worte
1206 1749 1272 1784 des
1291 1750 1453 1785 Konsuls
1479 1762 1523 1784 zu
1547 1751 1711 1786 entkr'af-

960 1799 1035 1841 ten,
1056 1809 1101 1831 zu
1120 1796 1347 1832 kritisiereu.
1382 1797 1425 1832 In
1445 1798 1518 1832 den
1537 1799 1712 1843 spateren

958 1845 1131 1879 Bfichern
1150 1844 1268 1880 findet
1287 1845 1367 1880 sich
1396 1856 1466 1880 nur
1486 1847 1632 1890 exsequi
1650 1846 1713 1882 bei

957 1893 1182 1936 quaerendo:
1208 1892 1243 1936 6,
1267 1895 1322 1935 14,
1355 1896 1415 1935 13;
1443 1893 1478 1936 9,
1507 1897 1562 1937 16,
1584 1897 1623 1937 4;
1650 1893 1711 1938 35,

958 1943 1014 1983 28,
1042 1943 1080 1982 43
1107 1940 1182 1985 vgl.
1209 1938 1276 1984 41,
1305 1943 1343 1984 7,
1373 1944 1392 1975 7
1423 1941 1711 1985 exsequebantur

957 1991 1175 2032 quaerentes.

1005 2038 1036 2069 3.
1069 2046 1140 2080 quo
1166 2038 1322 2079 tempore
1353 2036 1432 2070 trat
1458 2035 1518 2070 ein
1545 2037 1590 2070 st.
1618 2046 1711 2079 cumi,

957 2081 1005 2117 da
1017 2081 1124 2117 nicht
1138 2082 1230 2117 zwei
1242 2093 1324 2117 eum
1337 2082 1711 2129 aufeinanderfolgen

956 2129 1116 2165 konnen.
1149 2129 1224 2165 Der
1239 2129 1324 2164 Satz
1338 2130 1514 2166 verweist
1533 2131 1602 2166 auf
1614 2131 1708 2177 Kap.

959 2180 1014 2221 15,
1041 2180 1074 2212 s.

1004 2225 1047 2260 in
1071 2225 1197 2272 verba]
1229 2226 1272 2260 in
1302 2226 1412 2261 verba
1437 2226 1565 2261 iurare
1589 2226 1711 2262 bildet

957 2282 1171 2308 zusammen
1211 2273 1319 2308 einen
1358 2273 1514 2319 Begriff,
1559 2286 1603 2308 zu
1640 2274 1711 2309 den

957 2320 1112 2355 Fahnen
1127 2320 1320 2356 schworen
1341 2320 1415 2366 (22,
1433 2325 1487 2365 11,
1504 2322 1552 2365 8).
1579 2321 1710 2356 Dieser

958 2367 1030 2402 mit
1050 2368 1152 2403 einer
1171 2367 1373 2414 religiosen
1394 2368 1529 2403 Weihe
1549 2369 1709 2404 verbun-

958 2415 1053 2450 dene
1072 2414 1269 2450 Diensteid
1294 2414 1384 2451 hiess
1411 2416 1478 2450 das
1504 2426 1709 2451 sacramen-

957 2465 1044 2497 tum.
1094 2462 1181 2508 Vgl.
1209 2462 1270 2507 22,
1297 2467 1362 2507 38,
1389 2466 1409 2497 2
1438 2464 1487 2498 ad
1512 2474 1590 2498 eam
1615 2464 1709 2498 diem

956 2510 1053 2544 nihil
1088 2513 1238 2554 praeter
1274 2513 1542 2545 sacramentum
1572 2511 1708 2554 fuerat,

956 2558 1061 2592 iussu
1081 2557 1240 2592 consulis
1260 2560 1497 2594 conventuros
1516 2568 1629 2603 neque
1650 2558 1707 2593 in-

957 2604 1062 2639 iussu
1087 2604 1262 2640 abituros.
1660 2641 1671 2650 ,

1004 2655 1037 2686 4.
1065 2651 1255 2697 edicimus]
1290 2650 1362 2686 mit
1386 2652 1495 2698 Konj.
1532 2651 1628 2688 ohne
1654 2656 1708 2696 ut,

956 2698 1027 2733 wie
1041 2698 1076 2743 5,
1091 2702 1148 2742 20,
1165 2702 1208 2733 10
1227 2699 1305 2733 und
1325 2699 1437 2744 Verg.
1448 2700 1539 2735 Aen.
1557 2703 1612 2745 10,
1624 2703 1705 2736 258.

999 2746 1179 2791 populum
1211 2746 1389 2782 exsolvere
1413 2747 1603 2794 reliyione]
1635 2747 1707 2784 Die

957 2793 1148 2829 Tribunen
1160 2793 1299 2828 suchen
1314 2794 1533 2839 darzuthun,
1549 2793 1626 2830 dass
1641 2796 1706 2832 das

955 2840 1054 2876 Heer
1090 2841 1227 2876 bereits
1265 2852 1340 2876 von
1377 2841 1442 2877 der
1480 2842 1596 2878 durch
1641 2843 1706 2879 das

957 2888 1239 2925 Sacramentum
1269 2889 1588 2926 iibernommenen
1613 2891 1705 2926 Ver-

1367 2949 1419 2983 3*
