1799 3105
97 111 125 132 a.
144 102 213 129 chr.
231 110 261 130 n.
280 103 342 129 461.

598 93 743 129 LIBER
768 93 830 129 111.
881 93 982 129 CAP.
1012 98 1066 129 11.
1095 97 1149 129 12.
1613 94 1667 135 21

98 219 147 246 ac
184 203 348 246 viribus
387 203 495 257 suis,
539 217 650 245 unus
688 203 875 258 impetus
918 202 1175 244 tribunicios
1211 202 1528 257 popularesque
1572 217 1670 256 pro-

98 263 229 305 cellas
262 263 517 304 sustinebat.
576 262 659 304 hoc
698 262 801 303 duce
835 276 961 316 saepe
999 262 1113 315 pulsi
1145 261 1239 303 foro
1271 261 1452 315 tribuni,
1489 261 1586 302 fusa
1619 275 1668 303 ac
1693 273 1714 304 8

97 322 249 377 fugata
289 322 438 376 plebes
478 323 553 364 est.

624 321 698 376 qui
737 321 890 363 obvius
928 321 1089 375 fuerat,
1133 321 1347 362 mulcatus
1394 320 1668 375 nudatusque

99 381 262 435 abibat,
293 383 342 422 ut
368 381 473 423 satis
501 383 744 435 appareret,
777 380 814 421 si
841 381 902 422 sic
928 380 1001 435 agi
1027 380 1186 433 liceret,
1210 380 1370 421 victam
1396 380 1538 434 legem
1564 393 1669 422 esse.

218 440 327 481 Tum
359 454 495 494 prope
526 440 613 480 iam
646 439 852 494 perculsis
885 439 982 481 aliis
1021 440 1209 481 tribunis
1243 439 1296 481 A.
1329 438 1580 492 VerginiUS,
1619 453 1671 480 ex
1698 450 1718 480 9

101 499 286 554 collegio
319 514 442 552 unus,
475 498 657 540 Caesoni
690 498 844 552 capitis
877 497 989 539 diem
1022 498 1136 540 dicit.
1192 501 1318 540 atrox
1347 498 1572 552 ingenium
1605 512 1673 540 ac-

102 559 303 601 cenderat
335 573 384 600 eo
417 558 531 599 facto
565 557 704 612 magis
731 572 861 611 quam
887 558 1206 613 conterruerat3
1240 572 1289 599 eo
1324 558 1463 599 aerius
1496 557 1670 599 obstare

98 618 200 673 legi,
226 618 392 672 agitare
417 617 602 672 plebem,
634 617 833 658 tribunos
858 616 978 657 velut
1003 616 1117 657 iusto
1144 617 1343 671 persequi
1369 617 1496 658 bello.
1548 631 1670 658 accu-
1698 627 1741 658 10

99 678 220 718 sator
250 677 344 730 pati
374 690 496 717 reum
526 689 649 717 ruere
686 675 955 730 invidiaeque
993 675 1213 717 flammam
1253 690 1301 717 ac
1333 676 1558 717 materiam
1591 676 1671 717 cri-

99 735 290 777 minibus
324 735 412 777 suis
446 748 692 790 suggerere,
723 735 864 789 legem
896 734 1069 776 interim
1101 749 1189 777 non
1221 735 1315 776 tam
1342 735 1396 776 ad
1424 748 1544 788 spem
1575 750 1671 790 per-

97 794 263 836 ferendi
295 809 422 849 quam
456 794 510 836 ad
541 794 838 836 lacessendam
871 791 1077 835 Caesonis
1111 794 1402 835 temeritatem
1433 794 1558 835 ferre.
1607 794 1670 835 ibi
1700 804 1742 835 11

97 854 237 895 multa
276 868 404 908 saepe
444 854 497 895 ab
536 853 758 895 iuventute
793 853 1035 895 inconsulte
1076 853 1191 894 dicta
1228 853 1429 908 factaque
1470 853 1515 893 in
1546 853 1671 895 unius

100 911 307 955 Caesonis
334 914 581 967 suspectum
608 913 805 954 incidunt
829 912 1071 967 ingenium3
1097 915 1244 954 tamen
1269 913 1356 968 legi
1375 912 1670 954 resistebatur.

100 974 143 1013 et
168 972 219 1014 A.
247 971 480 1027 Verginius
506 972 741 1013 identidem
768 972 901 1026 plebi:
935 971 1103 1027 ‘ecquid
1136 972 1308 1013 sentitis
1335 972 1423 1013 iam
1450 986 1540 1024 vos,
1573 970 1671 1020 Qui·
1699 983 1742 1013 12

97 1031 222 1086 rites,
261 1030 499 1073 Caesonem
539 1031 667 1073 simul
706 1031 841 1072 civem
880 1033 923 1072 et
953 1031 1110 1086 legem,
1144 1046 1273 1086 quam
1305 1031 1479 1085 cupitis,
1511 1031 1672 1073 habere

98 1105 188 1132 non
220 1090 382 1145 posse‘?
434 1105 697 1145 quamquam
730 1090 833 1145 quid
860 1103 940 1144 ego
974 1091 1114 1144 legem
1146 1089 1329 1145 loquor?
1372 1090 1564 1131 libertati
1597 1091 1669 1131 ob·
1698 1101 1741 1131 13

99 1152 204 1203 stat3
244 1164 392 1192 omnes
430 1150 693 1205 Tarquinios
733 1150 934 1204 superbia
979 1152 1218 1204 exsuperat.

1288 1152 1530 1204 expectate,
1569 1149 1671 1191 dum

99 1209 251 1250 consul
296 1211 370 1251 aut
413 1209 599 1251 dictator
635 1209 732 1263 fiat,
778 1223 904 1263 quem
942 1210 1161 1263 privatum
1200 1209 1364 1250 viribus
1404 1211 1446 1250 et
1489 1209 1671 1250 audacia

97 1270 352 1323 regnantem
383 1268 566 1310 videtis?
619 1268 977 1309 adsentiebantur
1008 1268 1148 1321 multi,
1179 1269 1379 1323 pulsatos
1413 1283 1458 1309 se
1492 1282 1671 1322 queren-

98 1330 176 1378 tes,
209 1330 251 1369 et
282 1328 505 1369 tribunum
538 1327 591 1368 ad
622 1342 714 1368 rem
746 1327 1038 1382 peragendam
1071 1328 1184 1369 ultro
1218 1327 1473 1369 incitabant.

215 1386 309 1428 Iam
341 1387 490 1428 aderat
520 1386 677 1428 iudicio
710 1387 821 1440 dies,
860 1387 1182 1441 apparebatque
1221 1387 1352 1442 vulgo
1393 1387 1592 1428 homines
1624 1386 1671 1428 in
1691 1386 1744 1428 12

97 1444 374 1488 damnatione
423 1444 629 1488 Caesonis
678 1446 927 1487 libertatem
980 1446 1052 1501 agi
1104 1446 1287 1488 credere.

97 1507 271 1547 coactus
304 1520 402 1547 cum
433 1506 570 1547 multa
601 1505 862 1561 indignitate
895 1505 1131 1560 prensabat
1163 1505 1371 1560 singulos.

95 1566 167 1606 tur
209 1564 458 1618 necessarii,
502 1565 719 1620 principes
765 1565 963 1607 civitatis.

1354 1448 1448 1487 tum
1499 1446 1670 1487 demum

1436 1506 1670 1560 sequeban-
1698 1516 1718 1546 2

1028 1564 1074 1606 T.
1119 1564 1344 1614 Quinctius
1384 1563 1669 1619 Capitolinus,

96 1624 170 1679 qui
213 1626 280 1665 ter
317 1624 469 1665 consul
507 1624 668 1678 fuerat,
713 1639 811 1666 cum
854 1624 992 1665 multa
1038 1624 1221 1666 referret
1265 1639 1343 1666 sua
1388 1624 1667 1679 familiaeque

145 1790 177 1822 8.
214 1787 341 1822 obvius
374 1788 514 1833 fuerat]
550 1788 602 1822 Zu
637 1788 764 1823 obvius
799 1788 846 1830 fio

98 1834 207 1879 (Kap.
224 1839 256 1879 6,
273 1837 307 1879 7)
322 1833 430 1869 heisst
442 1834 508 1870 das
523 1835 619 1870 Perf.
635 1836 762 1870 obvius
775 1835 844 1878 fui.

143 1882 322 1928 nudatus]
332 1881 403 1916 mit
417 1881 645 1917 zerrissenen
656 1882 844 1917 Kleidern.

143 1930 292 1965 victam.
309 1959 316 1965 .
333 1930 438 1976 ‚es-se]
463 1931 557 1965 statt
576 1929 645 1966 Inf.
665 1930 761 1974 Fut„
781 1942 846 1964 um

96 1976 161 2012 das
194 1975 338 2012 sicher-e
369 1976 572 2012 Eintreffen
602 1989 646 2011 zu
678 1977 846 2012 bezeich-

94 2035 178 2059 nen.

144 2075 176 2107 9.
198 2072 292 2107 diem
305 2071 412 2117 dicit]
426 2072 476 2106 Er
491 2072 594 2107 ladet
611 2072 676 2107 ihn
692 2084 760 2107 vor
780 2072 845 2107 das

96 2118 253 2154 Gericht
277 2120 343 2154 der
369 2119 688 2155 Tributkomitien
713 2130 846 2164 wegen

94 2166 322 2211 Verletzung
342 2167 407 2202 der
420 2167 611 2202 Tribunen
630 2180 665 2202 u.
682 2167 846 2212 Storung

95 2213 161 2248 der
185 2213 377 2249 Komitien
404 2215 492 2259 (vgl.
515 2226 559 2249 zu
579 2215 673 2259 Kap.
695 2219 727 2258 9,
749 2216 794 2259 9).

142 2261 299 2307 obstare]
327 2261 503 2296 Wechsel
530 2262 595 2297 des
622 2261 808 2307 SubJ'ekts.

143 2308 257 2355 iusto]
281 2308 497 2352 ‘formlioh',
525 2321 564 2344 so
586 2311 724 2345 iustum
738 2320 844 2354 proe-

95 2355 197 2398 lium,
222 2356 321 2390 iusta
346 2367 484 2402 pugna.

145 2406 200 2437 10.
225 2402 345 2448 ruere]
376 2403 569 2447 ‘sturmem
595 2403 739 2447 toben'‚
767 2403 841 2439 Cio.

94 2462 129 2496 p.
158 2449 280 2484 Sestio
301 2454 320 2492 g
343 2454 420 2493 133,
449 2450 509 2485 off.
531 2455 551 2485 3
572 2454 592 2492 ξ
613 2454 670 2494 55,
696 2452 743 2486 ad
762 2451 840 2486 Aa..

94 2498 128 2542 2,
157 2501 212 2541 14,
241 2501 278 2541 13
305 2496 389 2532 Tac.
416 2497 512 2533 Hist.
542 2503 572 2539 1,
594 2501 649 2533 56.

141 2546 191 2581 ad
221 2556 317 2590 spem
345 2545 570 2591 perferendi]
608 2545 661 2579 ‘in
693 2545 759 2579 der
784 2545 840 2588 H.,

94 2604 133 2628 es
166 2592 490 2628 durchzusetzen’.
542 2593 591 2627 ad
622 2592 842 2627 bezeichnet

95 2640 154 2675 die
180 2640 472 2685 Veranlassung,
497 2639 567 2674 wie
594 2639 628 2683 1,
656 2643 688 2683 7,
716 2644 735 2674 7
762 2651 844 2675 eum

95 2691 198 2722 actae
229 2688 330 2723 boves
358 2689 535 2732 quaedam
555 2688 604 2722 ad
624 2687 844 2722 desiderium

94 2736 305 2770 relictarum
330 2736 538 2780 muyissent.

146 2786 200 2818 11.
233 2783 349 2817 multa
379 2783 501 2830 saepe]
530 2781 612 2818 eine
637 2782 842 2827 pleonasti-

97 2829 183 2864 sehe
199 2829 456 2875 Verbindung,
485 2829 757 2873 entspreohend
778 2830 843 2864 der

96 2876 356 2921 griechischen
375 2875 492 2912 πολλὰ
513 2874 701 2922 πολλάκις,
728 2877 842 2911 sehon

919 1787 981 1822 bei
1012 1787 1166 1822 Plautus
1201 1787 1490 1831 vorkommend,
1524 1788 1580 1822 oft
1611 1787 1673 1822 bei

921 1834 1048 1869 Cicero
1074 1847 1109 1869 u.
1135 1833 1264 1870 Livius
1291 1834 1399 1880 (Kap.
1427 1838 1460 1878 5,
1488 1837 1535 1880 6).

966 1882 1153 1927 incidunt]
1182 1882 1297 1918 fallen
1324 1895 1387 1917 zur
1412 1882 1512 1918 Last.
1542 1903 1585 1908 —
1611 1886 1670 1916 ta-

919 1930 1015 1975 men]
1064 1928 1271 1973 elliptisoh:
1317 1930 1408 1965 aber
1451 1942 1528 1965 was
1573 1930 1670 1965 auch

919 1977 1053 2011 immer
1078 1977 1256 2021 geschali,
1283 1978 1463 2012 dennoch.

969 2028 1023 2059 12.
1044 2024 1188 2071 ecquid]
1209 2025 1280 2060 mit
1297 2025 1548 2070 bejahendem
1567 2025 1669 2069 Sinn,

919 2072 1098 2117 numquid
1142 2073 1386 2116 verneinend;
1431 2072 1490 2107 die
1537 2071 1667 2108 Oratio

918 2121 1023 2154 recta
1042 2118 1199 2164 beginnt
1216 2119 1323 2155 nieht
1343 2121 1462 2155 selten
1477 2120 1574 2155 ohne
1589 2120 1666 2154 ein-

918 2167 1092 2212 geffigtes
1118 2168 1251 2211 inquit.

965 2214 1110 2260 habere]
1142 2214 1182 2248 in
1216 2215 1523 2250 verschiedenem
1557 2214 1670 2249 Sinne

917 2262 988 2297 mit
1025 2262 1243 2307 doppeltem
1281 2275 1316 2298 u.
1349 2263 1420 2297 mit
1457 2262 1669 2298 einfachem

917 2308 1004 2345 Ace.
1030 2310 1258 2345 verbunden.

966 2361 1019 2392 13.
1049 2368 1269 2402 quamquam
1301 2358 1391 2402 quid
1409 2386 1416 2393 .
1439 2386 1447 2393 .
1470 2386 1477 2392 .
1497 2355 1668 2402 loquor?]

916 2404 998 2439 eine
1012 2405 1128 2450 Figur
1141 2405 1207 2440 der
1222 2404 1412 2440 Correotio
1427 2417 1460 2439 u.
1472 2404 1668 2439 Gradatio.

964 2452 1174 2498 exsuperat]
1215 2451 1275 2486 ein
1313 2451 1586 2487 dichterisohes
1629 2463 1665 2485 u.

915 2498 1240 2534 nachklassisches
1266 2499 1375 2534 Wort
1400 2499 1450 2543 (7,
1465 2502 1526 2541 24,
1542 2502 1580 2540 23
1601 2497 1671 2542 28,

963 2592 1025 2628 12.
1055 2596 1084 2626 1.
1111 2593 1153 2627 in
1166 2593 1402 2628 damnatione
1415 2593 1501 2638 eto]
1519 2592 1580 2627 bei
1601 2593 1669 2628 der

916 2638 1184 2684 Verurteilung
1210 2640 1274 2674 des
1295 2639 1331 2675 C.
1359 2641 1498 2675 handle
1526 2651 1564 2674 es
1585 2639 1666 2674 sich

915 2699 979 2722 um
1005 2687 1065 2721 die
1092 2685 1318 2732 (Erhaltung
1343 2687 1423 2731 der)
1450 2686 1627 2722 Freiheit.

964 2745 1044 2770 cum
1055 2735 1170 2769 multa
1180 2735 1419 2781 iozdiynitate]
1432 2735 1501 2769 mit
1507 2733 1667 2780 grossem

915 2781 1192 2825 Widerwillen,
1220 2780 1345 2816 indem
1372 2793 1412 2816 er
1437 2782 1502 2817 das
1528 2782 1668 2817 Demsi-

915 2829 1069 2874 tigende
1096 2828 1216 2863 seiner
1242 2829 1344 2874 Lage
1370 2829 1503 2864 ffihlte.

964 2880 996 2912 2.
1023 2880 1078 2911 ter
1103 2876 1245 2922 consul]
1272 2876 1358 2922 Vgl.
1387 2889 1430 2911 zu
1456 2877 1550 2922 Kap.
1580 2881 1611 2921 1,
1631 2881 1663 2912 4.
