1799 3105
561 147 706 182 LIBER
731 147 794 183 IV.
839 146 941 182 CAP.
970 152 1024 183 37.
1053 151 1108 182 38.

43 170 73 189 a.
89 162 156 188 Chr.
170 163 342 190 11.424.423.
1562 150 1618 192 65

50 257 260 299 oblivioni
305 257 444 298 danda
481 256 715 311 iugumque
755 256 1048 311 accipiendum
1094 259 1169 297 aut
1211 255 1283 311 iis,
1321 270 1417 297 cum
1463 257 1617 311 quibus

51 317 104 359 de
142 317 325 371 imperio
359 318 562 371 cei-,tetur
596 329 674 357 nec
705 315 865 357 virtute
904 329 981 356 nec
1018 315 1231 370 patientia
1273 330 1347 356 nec
1390 315 1618 370 disciplini

46 376 113 418 rei
138 376 340 417 militaris
366 375 600 418 cedendum
626 389 732 416 esse.
786 374 901 416 haud
928 389 1038 416 vana
1070 375 1274 430 attulere,
1307 374 1381 416 sed
1411 389 1489 416 nec
1511 389 1615 441 per·
1644 386 1665 417 6

49 435 150 477 inde
194 437 341 489 patres
380 435 489 476 moti
527 437 646 489 sunt,
690 436 732 475 et
771 431 816 476 C.
849 433 1148 488 Sempronius,
1193 434 1261 475 cui
1305 449 1355 475 ea
1398 434 1619 489 provincia

52 494 162 536 sorti
208 495 369 548 evenit,
414 496 635 548 tamquam
681 493 1060 535 constantissimae
1110 493 1173 535 rei
1221 493 1419 535 fortunae
1468 493 1619 548 fretus,

52 549 167 608 quod
200 527 377 595 victoris
409 553 558 607 populi
592 552 797 594 adversus
830 552 967 594 victos
1001 552 1084 593 dux
1118 554 1248 607 esset,
1282 567 1427 594 omnia
1458 555 1620 595 temere

51 627 102 654 ac
146 613 427 667 neglegenter
474 611 581 667 egit,
625 611 732 653 adeo
777 614 824 652 ut
869 611 1120 666 disciplinae
1164 611 1386 661 Romanae
1432 612 1529 667 plus
1575 613 1618 653 in
1647 624 1665 655 7

51 671 211 714 Volsco
258 670 446 713 exercitu
491 686 620 725 quam
663 670 707 712 in
751 670 946 712 Romano
993 674 1118 712 esset.
1190 684 1293 726 ergo
1336 671 1527 726 fortuna,
1571 674 1621 712 ut

51 745 180 785 saepe
228 731 356 785 alias,
400 730 606 771 virtutem
652 733 717 772 est
763 733 920 772 secuta.
994 730 1133 785 primo
1178 730 1364 784 proelio,
1407 731 1521 786 quod
1566 731 1620 772 ab
1647 743 1667 774 8

53 789 306 845 Sempronio
333 790 504 831 incaute
530 790 859 844 inconsulteque
885 790 1163 831 commissum
1191 792 1274 844 est,
1306 805 1392 831 non
1418 790 1621 831 subsidiis

49 849 224 891 firmata
257 849 366 904 acie,
397 863 485 890 non
518 849 663 903 equite
705 852 803 904 apte
841 849 984 891 locato
1024 863 1277 890 concursum
1323 852 1399 890 est.
1463 850 1624 891 clamor
1649 864 1698 905 9—

47 908 255 950 indicium
284 908 470 963 primum
496 908 598 962 fuit,
632 923 715 963 quo
741 923 808 949 res
836 908 1095 950 inclinatura
1122 910 1256 961 esset,
1284 909 1508 950 excitatior
1534 923 1620 951 cre-

49 967 252 1023 briorque
273 967 327 1009 ab
347 967 473 1009 hoste
495 967 709 1022 sublatus,
731 967 783 1009 ab
804 967 1012 1009 Romanis
1033 968 1251 1022 dissonus,
1271 968 1429 1023 impar,
1444 968 1621 1023 segnius

50 1041 180 1082 saepe
213 1027 394 1069 iteratus
427 1026 618 1082 prodidit
651 1041 853 1082 pavorem
887 1028 1139 1069 animorum.
1204 1042 1252 1068 eo
1292 1027 1477 1069 ferocior
1515 1027 1621 1069 inla-
1650 1041 1694 1072 10

50 1089 121 1128 tus
154 1086 294 1128 hostis
327 1099 482 1140 urgere
515 1087 667 1141 scutis,
699 1087 857 1128 micare
891 1086 1059 1142 gladiis.
1122 1087 1260 1128 altera
1292 1101 1342 1128 ex
1381 1090 1504 1141 parte
1543 1102 1620 1128 nu-

16 1154 19 1156 ·
50 1148 148 1187 tant
175 1146 633 1200 circumspectantibus
668 1146 838 1200 galeae,
871 1150 914 1187 et
946 1145 1099 1187 incerti
1131 1146 1352 1200 trepidant
1384 1146 1622 1200 applicant-

50 1219 134 1260 que
155 1219 200 1245 se
220 1205 389 1259 turbae,
417 1205 542 1259 signa
562 1220 674 1247 nunc
695 1205 942 1247 resistentia
964 1205 1218 1246 deseruntur
1238 1206 1291 1247 ab
1313 1206 1622 1261 antesignanis,
1650 1219 1693 1249 11

48 1278 164 1306 nunc
201 1263 314 1305 inter
352 1278 452 1305 suos
492 1265 734 1319 manipulos
772 1265 1048 1319 recipiuntur.
1122 1264 1314 1306 nondum
1351 1265 1457 1320 fuga
1496 1267 1622 1320 certa,

46 1323 240 1365 nondum
274 1323 457 1365 victoria
489 1329 590 1365 erat.
653 1323 745 1378 tegi
786 1324 926 1379 magis
973 1323 1192 1365 Romanus
1239 1339 1367 1379 quam
1411 1339 1622 1380 pugnare,
1669 1375 1684 1383 -

49 1382 237 1424 Volscus
270 1382 427 1424 inferre
461 1383 604 1439 signa,
635 1396 791 1437 urgere
825 1383 980 1438 aciem,
1011 1384 1109 1438 plus
1152 1383 1292 1425 caedis
1334 1384 1528 1425 hostium
1560 1385 1622 1425 vi—

48 1441 157 1483 dere*
181 1456 310 1496 quam
340 1442 483 1497 fugae.

168 1500 261 1542 Iam
295 1501 495 1543 omnibus
525 1501 632 1543 locis
666 1501 830 1543 ceditur
861 1502 1122 1557 nequiquam
1157 1501 1413 1557 Sempronio
1447 1503 1621 1545 consule
1638 1502 1692 1544 38

51 1560 309 1615 obiurgante
343 1563 472 1616 atque
503 1561 720 1603 hortante.
782 1560 893 1602 nihil
925 1576 1003 1603 nec
1034 1561 1266 1616 imperium
1298 1576 1376 1603 nec
1415 1562 1621 1604 maiestas

48 1620 243 1675 valebat,
269 1620 455 1675 dataque
479 1635 576 1661 mox
604 1623 730 1675 terga
756 1620 955 1662 hostibus
976 1621 1135 1676 forent,
1162 1621 1208 1662 ni
1229 1620 1323 1663 Sex.
1345 1620 1622 1677 Tempanius,
1649 1634 1668 1664 2

50 1678 224 1721 decurio
258 1679 468 1733 equitum,
500 1679 676 1721 labante
707 1680 794 1721 iam
826 1694 870 1721 re
903 1680 1121 1734 praesenti
1154 1681 1296 1722 animo
1337 1681 1621 1723 subvenisset.

100 1811 132 1842 5
159 1818 286 1853 euyum
311 1807 578 1864 accipiendum]
602 1805 700 1841 sich
733 1807 799 1842 das

49 1854 146 1890 Joch
190 1853 372 1900 auslegen
421 1851 561 1888 lassen’
573 1869 580 1896 ;
633 1854 799 1889 (11030100

51 1901 309 1944 Redensarta
327 1906 356 1945 9,
375 1905 586 1945 6u.10,13.

100 1953 132 1984 6.
158 1960 245 1984 nec.
286 1950 353 1995 .et]
380 1948 585 1994 Vg1.Kap
602 1953 656 1992 12,
672 1954 704 1984 4.

98 1997 262 2042 perinde]
307 2009 348 2030 m
391 1996 637 2031 besonderem
678 1996 798 2040 Masse,

51 2044 122 2079 wie
149 2055 187 2079 es
206 2044 269 2079 bei
294 2044 366 2079 den
385 2044 660 2089 zuverlassigen
679 2044 801 2079 Nach-

873 1807 1040 1851 bunden,
1075 1808 1140 1842 der
1168 1808 1341 1843 Struktur
1379 1809 1445 1843 der
1470 1807 1620 1842 1011101·-

873 1855 1071 1899 gehenden
1101 1855 1230 1890 Worte
1257 1855 1460 1902 angepasst.

922 1915 1316 1962 circumspectantibus]
1323 1916 1390 1950 Die
1401 1914 1623 1950 schwachen

874 1962 1018 1997 Reihen
1052 1964 1084 2007 (ξ
1099 1965 1134 2007 8)
1167 1963 1282 1998 3011011
1318 1963 1398 1998 31011
1432 1962 1622 2008 angstlich

875 2010 972 2044 nach
998 2010 1257 2056 Verstarkung
1281 2023 1360 2054 um,
1388 2022 1427 2046 3ο
1460 2009 1534 2044 dass
1560 2010 1621 2045 die

874 2057 1006 2092 Helme
1032 2058 1211 2093 wackeln.

50 2091 197 2126 richten
223 2103 266 2125 zu
293 2093 475 2126 erwarten
500 2102 586 2126 war.

99 2139 203 2185 sorti]
232 2139 373 2181 Ablat.;
401 2139 441 2173 in
467 2139 533 2173 (101·
552 2139 584 2173 V
589 2139 801 2184 erbindung

49 2187 143 2222 sorti
156 2187 270 2222 evenit
284 2187 381 2221 auch
395 2191 450 2231 28,
467 2190 522 2230 45,
540 2191 581 2221 11
595 2199 628 2221 u.
641 2191 696 2231 31,
714 2191 744 2229 6,
762 2192 798 2230 13

53 2234 191 2269 0001130
213 2237 268 2275 29,
285 2237 340 2277 20,
355 2237 377 2268 4
396 2235 486 2269 sorti
511 2235 688 2270 evenisset.
715 2234 800 2280 Vgl.

53 2281 146 2326 Kap.
163 2285 217 2324 34,
235 2286 254 2316 6
271 2282 388 2316 classi.

99 2329 285 2374 fortunae]
328 2328 408 2362 Nur
448 2328 509 2363 bei
543 2329 670 2364 Livius
708 2329 800 2364 wird

51 2376 168 2420 fretus
202 2375 272 2409 mit
307 2376 391 2409 dem
426 2376 539 2410 Dativ
565 2377 799 2412 verbunden:

53 2427 313 2467 6,13,1u.,31
330 2427 366 2465 6;
394 2427 544 2467 8‚22,7.

102 2474 134 2505 8.
155 2471 277 2515 primo
306 2470 492 2528 proelio]
502 2471 628 2516 gleich
663 2472 701 2506 in
734 2472 800 2506 der

54 2520 180 2552 ersten
201 2515 407 2553 Schlacht’
447 2518 539 2554 Eine
560 2519 689 2554 zweite
709 2519 799 2553 fand

53 2564 160 2599 nicht
186 2567 288 2600 statt.

102 2616 134 2647 9.
160 2613 295 2658 impar]
319 2612 388 2646 Ein
409 2613 703 2659 gleichm'assiges
724 2614 798 2648 und

53 2659 298 2694 anhaltendes
335 2659 685 2706 Schlachtgeschrei
719 2661 800 2706 galt

55 2708 111 2741 als
160 2707 220 2742 ein
258 2707 416 2742 Zeichen
466 2708 530 2743 der
569 2708 798 2754 Tapferkeit.

53 2753 145 2788 Hier
171 2754 333 2789 erheben
352 2755 412 2790 die
438 2755 576 2791 Romer
603 2756 669 2790 das
696 2755 801 2789 Feld-

55 2801 226 2846 geschrei
278 2802 478 2837 mehrmals
535 2803 611 2837 und
672 2802 802 2837 immer

57 2849 282 2884 schw'itcher.

105 2900 159 2931 10.
197 2896 346 2942 micare]
386 2896 426 2931 in
469 2896 802 2941 ungewohnlicher

54 2941 180 2977 Weise
208 2942 277 2977 mit
303 2943 388 2978 dem
415 2943 573 2988 Subjekt
589 2945 701 2979 hostis
720 2955 800 2978 ver-

126 3015 193 3040 Liv,
215 3015 247 3040 B,
268 3016 291 3040 4.

921 2117 1062 2163 turbae]
1105 2116 1165 2151 Sie
1205 2117 1400 2153 301111οΒ011
1438 2117 1518 2152 sich
1557 2119 1622 2153 (101·

873 2163 993 2199 Masse
1020 2175 1084 2208 an,
1122 2165 1287 2210 drangen
1324 2166 1404 2200 sich
1439 2178 1482 2200 zu
1521 2165 1623 2201 einer

875 2212 1037 2246 fcsteren
1065 2212 1181 2246 Schar
1207 2225 1429 2248 zusammen.

924 2286 978 2317 11.
1013 2283 1136 2329 siqua]
1173 2284 1241 2318 Die
1277 2284 1524 2320 Feldzeichcn
1557 2285 1622 2320 (101·

874 2329 1041 2375 Manipel
1077 2331 1226 2366 werden
1261 2332 1374 2375 bald,
1409 2332 1535 2366 indem
1568 2332 1621 2367 sie

875 2378 1008 2412 stehen
1044 2377 1211 2423 bleiben,
1251 2391 1325 2413 von
1361 2380 1432 2413 den
1467 2379 1620 2414 211111011-

873 2424 1118 2459 weichenden
1130 2426 1404 2472 Vorkampfern
1419 2427 1619 2469 verlassen,

873 2472 962 2506 bald
990 2472 1027 2506 in
1055 2472 1114 2507 die
1140 2473 1249 2508 Mitte
1277 2474 1342 2508 der
1367 2474 1534 2519 Manipel
1559 2485 1620 2519 ge-

871 2530 1056 2554 non-lmen.

914 2591 1002 2635 plus
1028 2591 1146 2625 caedis
1171 2591 1325 2626 hostium
1356 2603 1464 2637 quam
1495 2593 1619 2639 suque]

872 2655 906 2666 =
927 2638 1052 2682 plures
1083 2639 1196 2673 hostes
1227 2641 1276 2682 (=
1301 2639 1498 2676 Romanos>
1520 2641 1622 2676 caedi

872 2696 978 2728 quam
1007 2686 1141 2730 suffere

917 2755 976 2790 38
991 2759 1021 2789 2.
1037 2756 1198 2803 decurio]
1215 2756 1283 2791 Die
1296 2761 1363 2793 300
1380 2758 1429 2791 R
1423 2758 1515 2803 1101
1533 2760 1618 2795 wel-

876 2803 943 2837 che
962 2802 1065 2838 einer
1081 2803 1224 2848 Legion
1239 2804 1473 2849 beigegeben
1484 2818 1617 2851 waren,

874 2849 1007 2884 teiltcn
1043 2850 1123 2885 sich
1149 2851 1187 2885 in
1220 2852 1314 2886 zehn
1340 2857 1496 2898 tu›·‚mae
1531 2854 1619 2899 jede

875 2897 1014 2931 Turma
1069 2898 1106 2931 in
1156 2899 1236 2933 (1101
1294 2901 1471 2936 decuriae
1531 2867 1621 2938 ι11301

875 2944 1016 2980 Ffihrer
1042 2946 1144 2980 011101·
1170 2946 1331 2982 Dekurie
1354 2947 1442 2983 hiess
1462 2950 1621 2985 decurio.

1363 3012 1382 3041 ἴ)
