1799 3105
100 91 125 132 6
624 87 768 123 LIBER
792 88 854 122 111.
906 87 1007 122 cAP.
1034 92 1066 125 3.
1093 91 1125 122 4.

1377 104 1403 122 a.
1422 104 1450 122 u.
1473 103 1497 121 o.
1519 96 1580 122 289.
1598 95 1660 123 290.

34 210 77 242 10
102 199 343 241 tuordecim
383 198 583 239 dicuntur
620 198 791 251 praeter
830 196 957 237 orbos
998 195 1221 250 orbasque.
1282 195 1326 236 in
1357 194 1520 249 Aequis
1553 193 1662 235 nihil

100 258 251 299 deinde
283 256 560 298 memorabile
595 258 750 299 actum.
801 255 846 296 in
878 254 1036 309 oppida
1068 268 1145 295 sua
1178 267 1221 295 se
1253 267 1461 308 recepere,
1492 253 1559 295 uri
1586 267 1664 294 sua

99 317 381 375 popularique
409 315 539 370 passi.
583 314 744 368 consul,
772 329 868 355 cum
895 312 1153 368 aliquotiens
1179 327 1256 368 per
1282 326 1452 354 omnem
1471 311 1663 354 hostium

102 390 254 431 agrum
285 375 441 416 infesto
475 374 646 430 agmine
679 372 1014 427 populabundus
1046 372 1170 427 isset,
1209 386 1304 414 cum
1336 371 1506 425 ingenti
1537 370 1663 412 laude

101 435 343 490 praedaque
377 433 555 475 Romam
588 432 726 474 rediit.

224 492 433 534 Consules
477 492 576 533 inde
618 492 666 533 A.
703 490 953 532 Postumius
999 488 1152 543 Albus,
1199 485 1270 543 Sp.
1313 488 1468 530 Furius
1512 487 1663 531 Fusus.

99 553 250 595 Furios
276 551 429 593 Fusios
463 551 670 605 scripsere
704 550 896 605 quidam3
928 549 970 590 id
993 549 1219 602 admoneo,
1253 562 1306 589 ne
1340 548 1435 602 quis
1463 547 1666 589 immuta-

56 624 76 654 2
103 612 265 653 tionem
297 611 488 653 virorum
520 610 713 664 ipsorum
741 623 844 663 esse,
877 623 984 663 quae
1010 607 1235 650 nominum
1262 609 1339 662 est,
1363 608 1500 661 putet.
1550 605 1666 648 haud

103 671 280 712 dubium
313 672 418 724 erat,
451 670 554 724 quin
586 683 682 710 cum
717 668 879 723 Aequis
907 668 1015 709 alter
1047 667 1272 709 consulum
1298 666 1461 708 bellum
1487 667 1666 721 gereret.

101 730 247 785 itaque
287 729 429 784 Aequi
474 729 527 770 ab
567 727 792 769 Ecetranis
832 726 1005 768 Volscis
1049 725 1312 780 praesidium
1355 725 1536 779 petiere3
1582 737 1666 779 quo

102 788 254 844 cupide
287 789 432 830 oblato
469 812 518 816 —-
550 787 655 828 adeo
683 786 880 828 civitates
906 800 980 827 eae
1006 787 1212 840 perpetuo
1246 785 1292 825 in
1317 783 1536 825 Romanos
1569 783 1666 825 odio

57 861 77 891 3
106 850 324 890 certavere
356 872 405 877 —
441 846 602 888 bellum
634 860 802 887 summa
833 845 875 886 vi
901 836 1158 898 parabatur?
1198 843 1390 885 sentiunt
1420 842 1599 883 Hernici
1626 844 1669 882 et

104 907 358 962 praedicunt
389 905 599 947 Romanis
631 904 893 946 Ecetranum
926 903 978 944 ad
1004 901 1178 957 Aequos
1211 902 1408 943 descisse.
1469 902 1669 955 suspecta

106 969 149 1007 et
175 966 345 1007 colonia
377 964 560 1006 Antium
591 963 690 1017 fuit,
730 962 846 1017 quod
878 976 1038 1017 magna
1070 961 1135 1003 vis
1167 961 1390 1002 hominum
1423 959 1540 1014 inde,
1572 972 1668 1001 cum

106 1025 312 1080 oppidum
352 1026 527 1078 captum
566 1024 700 1076 esset,
738 1021 1006 1077 confugisset
1050 1021 1104 1062 ad
1141 1019 1340 1075 Aequos3
1381 1019 1503 1074 isque
1542 1018 1668 1060 miles

58 1098 79 1128 4
105 1098 182 1138 per
213 1084 374 1125 bellum
401 1083 641 1138 Aequicum
672 1081 739 1122 vel
773 1081 1004 1122 acerrimus
1036 1080 1130 1121 fuit.
1180 1079 1416 1133 compulsis
1449 1077 1599 1119 deinde
1624 1077 1670 1118 in

106 1143 265 1198 oppida
296 1142 458 1196 Aequis
491 1156 541 1183 ea
573 1140 803 1182 multitudo
830 1140 998 1194 dilapsa
1030 1154 1125 1181 cum
1158 1138 1342 1179 Antium
1367 1137 1560 1190 redisset,
1593 1150 1670 1178 sua

56 1216 76 1246 5
106 1204 259 1256 sponte
291 1202 377 1243 iam
409 1201 564 1242 infidos
597 1200 771 1241 colonos
803 1199 1010 1241 Romanis
1044 1197 1320 1240 abalienavit.
1374 1196 1555 1238 necdum
1580 1209 1670 1236 ma-

104 1264 201 1303 tura
242 1275 286 1302 re
331 1275 428 1302 cum
473 1259 754 1301 defectionem
800 1258 944 1312 parari
988 1257 1175 1299 delatum
1221 1256 1273 1297 ad
1312 1257 1509 1298 senatum
1547 1256 1671 1308 esset,

106 1320 254 1362 datum
280 1319 505 1374 negotium
531 1320 597 1360 est
623 1317 887 1371 consulibus,
913 1319 961 1358 ut
980 1316 1246 1371 principibus
1266 1315 1460 1357 coloniae
1486 1314 1670 1355 Romam

107 1473 172 1507 bus
185 1471 366 1513 lustravit,
379 1470 487 1514 idque
501 1470 685 1504 conditum
696 1469 851 1503 lustrum

107 1520 340 1564 appellatum.

148 1581 296 1623 praeter
340 1577 444 1612 orbos
493 1575 683 1621 orbasque]
736 1573 853 1608 Daftir

109 1626 211 1660 steht
236 1625 315 1660 Per.
344 1624 407 1658 lib.
436 1626 479 1657 59
508 1626 656 1667 praeter
676 1622 853 1667 pupillos,

107 1673 271 1717 pupillas
282 1675 314 1706 et
324 1671 467 1712 viduas,
480 1670 685 1705 Mommsen
698 1668 852 1703 Staatsr.

108 1720 172 1763 11²,
201 1722 281 1754 353.
339 1717 409 1752 Die
435 1717 599 1752 Witwen
638 1729 673 1752 u.
701 1716 854 1750 &Vaisen

109 1767 263 1801 wurden
301 1766 401 1800 beim
439 1765 579 1800 Census
619 1763 735 1798 durch
773 1763 854 1797 ihre

110 1813 346 1850 Vormfinder
371 1812 568 1847 vertreten.

160 1877 213 1908 10.
241 1871 438 1917 populari]
471 1871 552 1905 hier
578 1883 613 1904 u.
645 1870 740 1913 Kap.
768 1872 806 1911 6,
834 1871 855 1902 5

110 1920 222 1964 Pass.,
251 1919 319 1953 wie
344 1919 410 1953 das
423 1917 533 1952 Wort
551 1917 603 1952 im
624 1916 768 1951 'alter-en
788 1915 856 1949 La-

111 1967 189 2003 tein
215 1966 394 2001 zuweilen
421 1965 471 2000 im
492 1963 610 1999 Aktiv
629 1963 854 1999 vorkommt.

151 2026 274 2071 passi]
301 2024 388 2059 Dies
416 2023 518 2058 steht
552 2021 740 2057 entweder
767 2022 859 2056 statt

107 2074 212 2118 passi
252 2075 338 2107 sunt
376 2071 466 2106 oder
509 2070 561 2104 im
601 2069 712 2104 Sinne
757 2069 858 2103 eines

112 2121 213 2155 Part.
242 2120 364 2153 Praes.

154 2178 446 2223 populabundus
509 2176 602 2210 statt
646 2175 710 2208 des
755 2173 859 2208 nicht

112 2224 290 2261 fiblichen
315 2223 413 2258 Part.
465 2234 558 2257 raes.
586 2221 737 2265 (ebenso
765 2219 857 2264 Kap.

112 2277 146 2317 4,
169 2277 207 2314 ’ῖς
236 2276 268 2315 5,
291 2275 351 2315 13;
379 2274 434 2313 66,
457 2273 509 2314 5);
537 2269 705 2303 daneben
725 2268 762 2301 in
784 2267 858 2301 die-

116 2331 194 2355 sem
223 2319 347 2353 Buche
374 2318 469 2352 noch
489 2316 732 2351 mirabundus
753 2317 809 2357 38,
826 2317 858 2357 8,

114 2366 415 2402 lacrimabundus
427 2368 484 2408 46,
495 2368 527 2407 8,
542 2362 861 2398 contionabundus

115 2419 172 2458 47,
199 2417 231 2448 2.

164 2520 257 2564 Kap.
284 2517 408 2554 4—5.
441 2517 528 2551 Das
553 2515 665 2550 Jahr
691 2519 759 2550 290
787 2514 863 2548 der

119 2567 362 2612 Stadt„(464
388 2577 420 2599 V.
449 2563 580 2606 Chr.);
614 2563 756 2606 Krieg
780 2560 864 2595 mit

121 2615 203 2648 den
246 2613 438 2657 Aquern
485 2610 571 2644 und
621 2609 861 2644 Volskern.

123 2661 206 2705 Vgl.
234 2660 342 2695 Dion.
369 2658 454 2693 Hal.
480 2658 542 2701 IX,
570 2660 720 2692 62-66,

169 2718 207 2754 4.
232 2722 262 2752 1.
284 2718 443 2763 Furius]
460 2715 682 2752 entstanden
695 2725 759 2749 aus
773 2714 864 2748 ’alte-

121 2776 199 2800 rem
226 2766 379 2809 Fusius,
405 2765 474 2799 wie
506 2763 676 2798 Veturius
701 2773 767 2796 aus
800 2760 865 2795 Vc—

121 2813 241 2847 tust'us
265 2812 372 2856 (Kap.
389 2815 421 2855 8,
442 2813 490 2856 2),
517 2810 685 2844 Valerius
705 2820 770 2843 aus
794 2807 866 2842 Va-

123 2860 231 2895 lesius
263 2859 402 2902 (Quint.
437 2858 479 2902 1,
506 2862 545 2900 4,
574 2858 648 2901 13),
688 2855 867 2900 Papirius

925 1479 989 1501 aus
1004 1467 1193 1511 Papisius,
1213 1466 1261 1500 da
1275 1477 1291 1500 s
1305 1465 1489 1500 zwischen
1500 1463 1671 1499 Vokalen

925 1515 980 1550 oft
1004 1525 1050 1548 zu
1074 1526 1092 1548 r
1116 1514 1258 1556 wurde;
1285 1512 1360 1557 vgl.
1386 1512 1526 1557 yeneris
1551 1511 1671 1546 neben

924 1572 1049 1607 yenus,
1073 1562 1183 1596 moris
1208 1559 1331 1594 neben
1355 1570 1440 1594 mos.

974 1624 1006 1655 2.
1033 1619 1184 1665 yereret]
1220 1618 1369 1653 ‘ffihren
1395 1616 1536 1653 sollte’.
1586 1616 1672 1662 Vgl.

927 1669 970 1711 9,
997 1672 1035 1711 2,
1063 1671 1082 1702 5
1120 1667 1221 1702 haud
1258 1669 1335 1701 erat
1372 1666 1543 1708 dubium,
1583 1665 1675 1709 quin

927 1715 1126 1750 Lucerinis
1176 1724 1278 1758 opem
1325 1712 1515 1747 Romanus
1563 1712 1674 1754 ferret

929 1762 1119 1807 (‘bringen
1145 1760 1319 1805 musse’);
1357 1759 1418 1803 21,
1445 1763 1502 1801 36,
1529 1762 1550 1792 4
1575 1758 1676 1793 haud

928 1810 1043 1845 dubia
1068 1819 1123 1844 res
1143 1809 1234 1851 visa,
1260 1808 1351 1853 quin
1364 1818 1432 1851 per
1451 1806 1555 1840 invia
1576 1806 1675 1841 circa

927 1867 992 1892 nec
1015 1857 1105 1891 trita
1131 1859 1240 1890 antea
1270 1855 1434 1899 quamvis
1465 1854 1571 1898 Zonqo
1599 1858 1676 1888 arn-

930 1905 1009 1940 bitu
1034 1903 1316 1939 circumduceret
1341 1911 1478 1946 acmen.

978 1958 1023 1991 ab
1056 1955 1269 2001 Ecetranis]
1314 1953 1452 2002 Ecetra
1493 1964 1571 1988 war
1613 1952 1674 1986 die

931 2003 1180 2045 nordlichste,
1206 2002 1278 2037 den
1308 1993 1460 2045 Aquern
1495 1999 1676 2034 zuntichst

932 2051 1104 2095 liegende
1131 2048 1242 2083 Stadt
1267 2049 1333 2083 der
1357 2047 1534 2090 Volsker;
1567 2044 1676 2081 beide

933 2098 1073 2133 Volker
1104 2107 1229 2131 waren
1260 2095 1434 2140 getrennt
1465 2092 1582 2128 durch
1615 2092 1675 2128 die

932 2144 1129 2180 Hern‘iker.

981 2208 1012 2238 3.
1052 2202 1217 2247 descisse]
1257 2201 1362 2234 nicht
1403 2200 1442 2234 in
1486 2201 1676 2243 strengem

932 2251 1058 2293 Sinne,
1084 2250 1134 2284 da
1158 2249 1218 2283 die
1239 2249 1438 2283 Ecetraner
1455 2246 1562 2281 nicht
1579 2245 1678 2280 Bun-

933 2300 1181 2342 desgenossen
1197 2295 1262 2330 der
1280 2294 1417 2329 Romer
1436 2305 1577 2336 waren;
1598 2293 1676 2328 also

933 2357 1006 2380 von
1026 2345 1108 2379 dem
1124 2343 1267 2378 Bruche
1289 2342 1351 2376 des
1365 2340 1548 2376 zwischen
1564 2340 1678 2374 ihnen

932 2391 1189 2427 bestehenden
1209 2389 1384 2424 Friedens
1406 2400 1450 2422 zu
1469 2386 1676 2423 verstehen.

934 2440 1020 2484 Vgl.
1047 2438 1088 2482 2,
1120 2442 1183 2481 25,
1211 2441 1231 2472 6
1263 2437 1319 2471 his
1351 2435 1443 2480 (scil.
1481 2434 1678 2469 Ecetranis

943 2487 1094 2531 Volscis)
1125 2496 1169 2520 ex
1205 2487 1352 2519 senatus
1389 2482 1551 2517 consulto
1588 2481 1678 2515 data

932 2545 1023 2579 pax,
1058 2544 1143 2578 ayer
1174 2532 1362 2575 ademptus
1395 2530 1479 2574 (495
1504 2540 1537 2563 v.
1566 2527 1678 2570 Chr.).

984 2590 1217 2637 confugisset]
1245 2589 1373 2634 Konj.‚
1407 2599 1469 2622 um
1495 2587 1565 2620 den
1592 2586 1678 2620 Satz

937 2640 992 2675 als
1012 2639 1215 2674 Gedanken
1241 2637 1305 2671 der
1331 2636 1390 2670 die
1409 2633 1589 2669 Antiaten
1614 2633 1678 2667 be-

939 2685 1239 2731 argwo'hnenden
1258 2683 1395 2717 Romer
1420 2679 1678 2715 hinzustellen.

985 2750 1019 2779 4.
1045 2745 1086 2779 in
1111 2742 1261 2788 oppida]
1290 2739 1373 2785 Vgl.
1400 2738 1494 2783 Kap.
1520 2736 1552 2782 3,
1581 2742 1635 2772 10.

985 2802 1146 2847 infidos]
1172 2801 1220 2835 da
1239 2800 1320 2834 eine
1346 2796 1463 2843 grosse
1483 2797 1573 2832 Zahl
1599 2797 1680 2831 der-

939 2851 1067 2886 selben
1093 2847 1249 2883 Volsker
1280 2856 1404 2881 waren
1431 2844 1536 2890 (Kap.
1565 2848 1602 2888 1,
1630 2844 1675 2888 7).
