1799 3105
73 303 121 339 15

118 70 200 112 ..38
670 67 813 103 LIBER
839 68 881 103 11.
909 66 1011 102 CAP.
1042 71 1095 102 14.
1124 71 1177 103 15.

144 180 333 232 urbisque
376 182 517 219 caritas
561 180 696 217 lenuit..

1351 84 1375 102 a.
1396 85 1424 102 u.
1444 77 1503 103 246.
1525 73 1611 107 (247.)
1631 77 1693 104 248.

759 178 820 216 his
863 178 971 216 locus
1014 177 1059 216 ad
1102 177 1354 217 habitandum
1402 178 1533 230 datus,
1580 191 1697 229 quem

143 241 283 279 deinde
317 240 488 279 Tuscum
520 240 649 276 vicum
681 237 937 288 appellarunt.

264 299 304 338 Ρ.
337 300 545 338 Lucretius
577 297 666 335 inde
700 303 737 335 et
769 296 808 335 P.
842 295 1017 335 Valerius
1049 295 1248 334 Publicola
1279 296 1461 335 consules
1493 297 1595 336 sacti.
1651 309 1697 335 eo

145 371 247 397 anno
280 365 522 409 postremum
555 357 671 407 legati
703 368 723 394 a
756 355 945 394 Porsinna
978 355 1025 394 de
1063 355 1287 394 reducendo
1325 357 1366 394 in
1402 367 1569 406 regnum
1605 355 1696 395 Tar-

144 419 280 469 quinio
307 423 509 455 venerunt.
543 415 686 467 quibus
719 428 807 453 cuni
840 427 1075 465 responsum
1107 420 1212 453 esset
1242 415 1456 453 missurum
1487 414 1534 453 ad
1566 426 1698 466 regem

144 484 324 516 senatum
358 477 522 527 legatos,
560 476 670 513 missi
709 475 917 513 confestim
953 474 1280 512 honoratissimus
1319 475 1484 525 quisque
1523 485 1543 512 e
1581 475 1698 524 patri·

147 536 236 575 bus:
269 549 347 574 nou
379 537 474 587 quin
507 534 679 573 breviter
712 534 824 572 reddi
850 545 1083 584 responsum
1108 535 1294 584 potuerit,
1321 545 1399 571 non
1424 533 1549 584 recipi
1573 544 1698 585 reges,

146 596 232 633 ideo
274 597 405 646 potius
446 594 618 633 delectos
660 599 815 644 patrum
857 593 904 630 ad
945 605 1034 631 eum
1076 594 1234 644 missos,
1277 604 1394 643 quam
1435 591 1572 642 legatis
1614 593 1698 631 eius

143 654 287 692 Romae
321 655 480 693 daretur
512 664 763 704 responsum,

802 652 871 690 sed
909 657 953 690 ut
990 653 1029 690 in
1068 658 1304 703 perpetuum
1340 652 1487 690 mentio
1525 652 1609 690 eius
1641 652 1701 690 rei

143 714 341 765 finiretur,
374 726 451 752 neu
482 714 523 751 in
555 714 673 751 tantis
706 713 853 750 mutuis
886 711 1088 750 beneficiis
1121 713 1161 749 in
1199 712 1324 749 vicem
1362 711 1481 749 animi
1519 709 1699 750 sollicita-

144 779 299 825 rentur,
339 785 428 811 cum
467 772 529 810 ille
568 777 738 822 peteret,
783 770 887 821 quod
927 776 1063 808 contra
1107 770 1328 808 libertatem
1365 769 1499 820 populi
1536 769 1701 808 Romani

143 838 265 884 esset,
304 832 485 883 Romani,
524 832 599 870 nisi
632 833 672 868 in
705 831 922 881 perniciem
960 841 1070 867 suam
1102 829 1236 867 faciles
1268 840 1355 866 esse
1393 828 1554 879 vellent,
1586 840 1700 879 nega-

143 898 242 943 rent,
276 893 339 929 eui
372 891 468 929 nihil
500 896 684 941 negatum
717 889 870 927 vellent.
926 901 1006 927 uon
1037 889 1077 926 in
1108 900 1230 938 regno
1256 887 1446 938 populum
1471 887 1701 938 Romanum,

149 951 215 988 sed
256 952 294 989 iu
334 950 512 988 libertate
552 962 649 987 esse.

712 950 763 986 ita
802 948 1003 986 induxisse
1048 949 1088 985 in
1127 949 1315 998 animum,
1354 945 1533 985 hostibus
1571 947 1701 997 potius

147 1016 280 1060 portas
320 1022 437 1060 quam
474 1008 634 1059 regibus
672 1008 910 1059 patefacere,
954 1019 996 1045 ea
1042 1018 1127 1045 esse
1171 1012 1259 1044 vota
1303 1007 1494 1057 omnium,
1534 1010 1595 1057 ut,
1637 1007 1704 1057 qui

193 1104 224 1134 9.
273 1100 411 1134 Tuscus
447 1100 548 1133 vicus
585 1098 768 1133 zwischen
803 1098 889 1132 dem

144 1146 337 1181 Palatinus
375 1146 451 1181 und
494 1147 577 1181 dem
622 1146 784 1190 Capitol,
828 1155 888 1179 am

146 1193 259 1228 Fusse
286 1194 348 1229 des
374 1195 535 1229 ersteren
560 1193 626 1227 hin
649 1204 733 1228 vom
754 1192 890 1227 Forum

145 1241 347 1276 sudostlich
379 1253 461 1275 zum
486 1241 687 1275 Velabrum
719 1239 888 1274 fiihrend.

146 1292 210 1331 27,
236 1293 298 1330 37,
327 1293 369 1323 14
400 1290 441 1323 in
469 1289 549 1330 foro
570 1299 706 1332 pompa
730 1288 890 1322 constitit

148 1364 155 1370 .
171 1363 178 1370 .
195 1363 202 1369 .
229 1336 313 1370 iude
336 1337 414 1371 vico
442 1336 558 1370 Tusco
586 1335 805 1379 Velabroque
821 1345 890 1378 per

144 1383 348 1418 Bovarium
378 1384 500 1426 forum
530 1384 572 1417 iri
603 1383 733 1417 clivum
761 1382 888 1416 Publi-

145 1431 241 1465 cium
261 1459 267 1465 .
285 1458 292 1464 .
307 1434 522 1474 perrectum.
548 1430 617 1464 Die
632 1429 890 1474 Bevolkerung

146 1478 264 1512 dieses
279 1477 630 1522 Strassenquartiers
651 1476 759 1511 stand
775 1476 888 1510 sehon

145 1525 216 1560 seit
241 1525 335 1560 alter
357 1525 437 1559 Zeit
460 1526 499 1560 in
523 1525 649 1559 ublem
670 1524 773 1558 Rufe.
804 1523 887 1557 Hor.

147 1572 222 1607 Sat.
250 1577 287 1608 2.
315 1576 354 1616 3,
382 1576 449 1607 228
492 1572 602 1606 Tusci
634 1575 694 1605 tur
697 1571 744 1605 ba
774 1571 890 1616 Νηρία

144 1621 226 1654 vici.
253 1601 372 1655 Plaut.
400 1619 503 1654 Cure.
530 1624 563 1663 4,
593 1624 622 1663 1,
648 1622 704 1653 21.

193 1667 318 1701 15.1
364 1666 432 1702 Die
459 1667 604 1701 Namen
637 1666 702 1700 der
727 1665 890 1700 Consuln

145 1714 262 1749 dieses
281 1714 414 1749 Jahres
435 1714 517 1749 sind
535 1713 640 1748 nicht
659 1712 789 1748 sicher.
822 1712 890 1747 Die

146 1762 246 1796 Fasti
261 1762 470 1796 consulares
491 1772 636 1795 neuneu
648 1761 707 1794 fiir
720 1760 784 1794 das
798 1760 819 1794 J
823 1760 891 1794 ahr

148 1813 214 1843 247
247 1820 279 1844 a.
305 1821 339 1844 u.
368 1820 396 1845 c,
429 1809 468 1844 P.
495 1808 664 1843 Valerius
697 1807 891 1841 Publicola

146 1856 197 1890 ΠΙ
222 1857 297 1890 und
318 1856 364 1890 M.
386 1855 560 1891 Horatius
580 1855 625 1897 II,
651 1855 710 1888 ffir
733 1858 800 1889 248
828 1853 889 1898 Sp.

146 1903 296 1938 Larcius
334 1904 410 1937 und
447 1903 485 1939 Τ.
526 1902 745 1937 Herminius.
804 1901 891 1935 Man

146 1952 213 1985 hat
225 1951 486 1985 ve1·schiedene
498 1949 804 1993 Vermuthungen
814 1948 891 1982 auf-

147 1998 312 2042 gestellt,
338 2010 367 2032 Z.
382 1998 435 2041 B„
460 1998 545 2032 dass
565 1997 605 2032 L.
630 1995 887 2041 geschriebenffi:

151 2045 194 2079 P.
222 2046 415 2079 Lucretius
440 2049 472 2079 et
499 2045 542 2078 P.
577 2044 745 2078 Valerius
770 2042 890 2085 Publ„

147 2092 210 2136 Sp.
221 2092 379 2126 Larcius
391 2093 476 2126 inde
485 2095 517 2126 et
531 2092 571 2125 T.
582 2091 798 2125 Herminius
806 2099 890 2123 coss.

146 2140 239 2183 facti
252 2138 441 2183 (Madvig).
455 2139 606 2172 —missi
622 2165 646 2172 ..
661 2139 818 2182 quisque,
833 2140 891 2178 24,

150 2192 180 2229 1,
203 2191 221 2220 7
243 2197 321 2220 cum
342 2187 538 2220 lez-issimus
560 2186 708 2229 quisque
733 2184 888 2218 mallent.

148 2238 211 2276 39,
243 2238 298 2276 27,
320 2237 339 2267 9
366 2234 539 2277 optimum
558 2243 727 2276 quemque
744 2231 891 2265 emulare

145 2262 280 2326 pulsos

197 2332 227 2364 2.
255 2338 328 2362 non
358 2328 448 2372 quin
476 2326 594 2360 ‘nicht
622 2328 745 2360 etwa.
768 2352 774 2358 .
808 2323 892 2358 weil

149 2387 234 2410 man
254 2375 385 2409 nichiz.
402 2374 599 2419 ‚gekonnt
617 2373 734 2416 hatte,
756 2371 890 2417 [nicht]

149 2422 305 2457 deshalb
329 2422 440 2465 (ideo)
459 2421 555 2456 habe
574 2431 661 2455 man
680 2420 825 2454 lieber.

151 2470 307 2505 sondern
323 2469 441 2504 dami‘c
453 2469 529 2509 (sed
542 2468 611 2512 ut)’
619 2497 625 2502 .
653 2468 742 2502 Ideo
754 2446 892 2510 recapi-

150 2517 256 2552 tulirt
280 2515 570 2551 nachdrficklich
603 2515 673 2549 den
699 2523 893 2558 voi-ausge-

154 2564 344 2599 schickten
371 2563 498 2598 Grund
527 2562 603 2597 und
635 2562 684 2596 ist
709 2560 894 2606 zugefiigt,

153 2611 271 2646 damit
296 2611 360 2646 der
381 2610 464 2645 Satz
490 2610 559 2644 mit
578 2610 704 2653 potius
725 2637 732 2643 .
753 2635 759 2642 .
786 2619 895 2652 quam

153 2659 232 2693 sich
257 2659 391 2692 darauf
413 2659 536 2692 stfitzt.
563 2667 637 2691 nort
661 2656 751 2700 quin
774 2654 835 2689 bei
853 2654 894 2688 L.

152 2706 247 2740 noch
267 2709 323 2749 32,
339 2709 395 2748 32,
412 2709 442 2739 6.
459 2704 531 2739 Cic.
552 2705 629 2738 Ati.
647 2707 677 2744 7,
698 2707 754 2746 26,
775 2706 807 2736 2.
834 2701 893 2736 Or.

156 2755 211 2794 68,
233 2756 309 2786 227.
339 2773 379 2777 —
408 2752 530 2795 recipi.
570 2751 644 2784 Das
665 2750 819 2784 Prasens
838 2749 896 2783 ffix

155 2798 220 2832 das
247 2799 361 2833 Futur
385 2798 601 2833 bezeichneia
626 2797 684 2832 die
705 2795 895 2830 Entschie-

155 2845 305 2880 denheit
332 2846 395 2879 des
422 2845 688 2887 Entsehlusses,
716 2847 748 2885 5,
774 2847 831 2887 20,
858 2847 895 2885 13

962 1099 1702 1142 21,8;18,.‚,245814;51,‚6.28

962 1149 1023 1188 26,
1046 1149 1064 1179 ’7
1086 1157 1119 1178 ιι.
1141 1149 1173 1178 ὃ.
1189 1144 1312 1178 —clel.
1333 1147 1494 1188 patrum.
1521 1122 1593 1177 D'er
1613 1141 1703 1178 Gen.

961 1172 1055 1236 pai-t
1082 1191 1142 1226 bei
1161 1190 1387 1235 Participien
1410 1190 1526 1225 findet
1545 1189 1622 1225 sich
1643 1201 1703 1224 zu-

963 1240 1038 1274 ersh
1075 1239 1113 1273 in
1146 1239 1261 1273 Prosa
1296 1237 1358 1273 bei
1389 1237 1428 1272 L.
1476 1237 1616 1272 Stellen
1652 1237 1704 1271 im

961 1286 1148 1330 Anhang],
1175 1286 1270 1320 doch
1294 1285 1345 1320 ist
1369 1285 1434 1320 der
1475 1285 1547 1320 *en.
1573 1284 1705 1319 immer

961 1346 1030 1368 nur
1043 1333 1264 1368 Ausnahme.
1282 1353 1324 1358 -
1339 1343 1447 1377 quam
1460 1333 1620 1376 daretwr,
1640 1331 1705 1366 der

963 1379 1183 1426 Conjunoiaiv
1212 1380 1253 1414 in
1285 1379 1705 1425 Vergleichungssatzen

960 1429 1056 1462 nach
1078 1439 1186 1472 quam
1207 1427 1300 1462 ohne
1322 1429 1370 1470 (u.
1391 1427 1565 1471 seltener)
1579 1426 1649 1462 mit
1664 1429 1706 1461 ut

962 1475 1060 1510 steht
1079 1474 1139 1509 bei
1159 1475 1198 1509 L.
1219 1474 1324 1509 nicht
1342 1486 1410 1508 nur
1428 1473 1468 1508 in
1486 1473 1702 1515 indirekizer,

964 1522 1121 1558 sondern
1135 1522 1230 1556 auch
1244 1522 1282 1556 in
1296 1521 1460 1556 direkter
1473 1521 1586 1563 Rede,
1598 1531 1706 1554 wenn

962 1570 1026 1604 das
1060 1581 1122 1603 zur
1159 1568 1436 1613 Vergleichung
1473 1568 1705 1612 Herangezo-

962 1628 1054 1662 gene
1074 1617 1178 1651 nicht
1197 1616 1368 1650 wirklich
1381 1615 1442 1659 ist,
1463 1615 1621 1650 sondern
1636 1626 1706 1649 nur

962 1664 1000 1698 in
1014 1664 1078 1698 der
1088 1663 1328 1708 Vorstellung
1340 1663 1474 1698 beruht
1485 1661 1641 1708 [stenen
1654 1662 1706 1696 im

962 1712 1156 1757 Anhang];
1182 1710 1244 1745 bei
1269 1709 1341 1745 Cic.
1368 1710 1468 1745 steht
1490 1709 1531 1744 in
1557 1709 1707 1744 solchen

962 1759 1092 1793 Pallen
1111 1758 1320 1802 regelrechb
1338 1757 1403 1792 der
1423 1758 1550 1791 Aecus.
1575 1767 1603 1791 c.
1624 1755 1705 1800 Ins„

963 1819 993 1842 z.
1013 1806 1053 1840 B.
1078 1806 1165 1840 fam.
1194 1810 1225 1848 2,
1255 1808 1309 1847 16,
1330 1809 1362 1848 3,
1383 1805 1517 1839 ebenso
1533 1802 1645 1851 Caes.
1669 1803 1705 1838 b.

963 1865 993 1889 c.
1026 1858 1064 1895 3,
1090 1857 1153 1896 49,
1179 1857 1211 1886 2.
1262 1852 1361 1886 Aber
1387 1851 1474 1886 Sall.
1501 1851 1528 1886 Ι.
1565 1854 1648 1892 106,
1685 1855 1705 1885 3

962 1911 1175 1935 mansurum
1210 1900 1355 1943 potius,
1391 1910 1500 1943 quam
1525 1927 1532 1933 .
1549 1925 1556 1932 .
1578 1926 1585 1932 .
1611 1899 1707 1933 vitae

958 1951 1132 1992 parceret.
1166 1947 1258 1991 Nep.
1291 1950 1348 1987 22,
1387 1950 1418 1989 1,
1457 1949 1489 1981 5.
1517 1965 1558 1969 —
1580 1945 1707 1987 faciles

964 1994 1182 2038 willfahrig,
1215 1993 1391 2038 gef'allig,
1417 1992 1492 2037 vgl.
1520 1995 1557 2035 7,
1584 1996 1646 2037 33,
1672 1995 1704 2026 2.

965 2046 1021 2084 26,
1048 2045 1104 2083 15,
1131 2046 1162 2076 1.
1189 2045 1220 2084 8,
1248 2044 1303 2083 34,
1330 2044 1362 2075 3.
1388 2043 1445 2083 40,
1471 2042 1527 2081 58,
1554 2042 1585 2073 1.

1011 2093 1043 2122 3.
1069 2089 1110 2122 iu
1128 2098 1236 2131 reyrao
1255 2097 1337 2129 esse,
1355 2086 1431 2131 vgl.
1453 2097 1482 2120 c.
1504 2090 1537 2130 3,
1551 2089 1584 2128 2,
1604 2087 1708 2121 sonsi:

963 2136 1027 2170 sub
1049 2145 1156 2179 reqno
1179 2137 1236 2177 45,
1256 2137 1312 2177 29,
1335 2137 1388 2168 12.
1415 2133 1506 2168 Esse
1529 2133 1595 2168 sub
1614 2134 1706 2178 reqi-

964 2183 1029 2217 bus
1054 2186 1086 2224 2,
1116 2185 1169 2224 12,
1189 2185 1221 2216 2.
1249 2185 1281 2224 6,
1307 2185 1338 2223 1,
1361 2185 1376 2214 1
1404 2193 1438 2215 u.
1462 2185 1511 2223 ὂ.;
1536 2181 1579 2214 iri
1603 2180 1707 2215 liber·

963 2233 1035 2264 tate
1054 2229 1139 2263 sehr
1159 2229 1224 2271 oft,
1254 2241 1284 2263 z,
1304 2228 1344 2263 B.
1366 2232 1422 2270 33,
1442 2231 1499 2270 34,
1520 2231 1550 2261 3.
1572 2230 1629 2268 35,
1649 2231 1707 2269 39,

965 2281 996 2311 6.
1030 2280 1092 2319 45,
1121 2280 1181 2319 18,
1207 2280 1227 2310 2
1260 2279 1309 2317 et,
1339 2276 1381 2310 iri
1406 2275 1566 2310 libertate
1589 2277 1707 2319 yentes

964 2335 1055 2368 quae
1080 2327 1192 2358 essent
1216 2350 1224 2358 .
1248 2350 1255 2357 .
1280 2326 1330 2365 et,
1358 2333 1449 2367 quae
1472 2322 1538 2357 sub
1563 2322 1707 2366 reqibus

964 2372 1129 2406 viverent.
1149 2391 1192 2395 —
1212 2372 1267 2405 ita
1285 2371 1326 2404 in
1345 2381 1379 2405 a.
1398 2371 1435 2412 i.,
1455 2368 1551 2404 auch
1569 2371 1630 2413 40,
1650 2372 1706 2412 34,

966 2423 999 2461 9,
1025 2418 1116 2452 fiber
1141 2419 1182 2452 iri
1207 2429 1266 2452 a‘n.
1293 2417 1462 2452 inducere
1488 2428 1515 2450 s.
1542 2427 1585 2450 zu
1613 2427 1643 2452 c.
1670 2418 1703 2458 5,

967 2470 985 2500 ’7
1002 2464 1077 2500 und
1091 2477 1135 2499 zu
1151 2470 1180 2508 1,
1195 2469 1248 2508 17,
1268 2468 1302 2500 4.
1316 2485 1359 2489 —
1373 2475 1414 2498 ea
1433 2474 1504 2498 esse
1516 2466 1612 2505 vota,
1630 2462 1705 2516 vgl.

967 2517 1022 2556 30,
1043 2517 1100 2555 21,
1121 2516 1139 2546 ’7
1167 2522 1257 2556 quae
1275 2515 1358 2546 vota
1377 2511 1604 2555 sinqulorum
1623 2510 1705 2543 wni-

966 2570 1214 2604 versorumque
1233 2559 1344 2601 fuisse
1364 2557 1566 2603 [AnhangJ.
1583 2577 1623 2581 --
1644 2557 1708 2601 qui

992 2608 1098 2650 ,erit,
1119 2607 1183 2641 der
1196 2605 1377 2640 Indicativ
1394 2602 1707 2639 inrelativischen

969 2654 1057 2698 (und
1084 2653 1258 2696 anderen)
1284 2652 1539 2686 Nebensatzen
1565 2650 1630 2685 der
1655 2661 1706 2685 or.

968 2701 1041 2736 obl.
1067 2700 1128 2735 bei
1153 2700 1232 2735 Liv
1259 2699 1363 2734 nieht
1388 2697 1469 2741 (wie
1494 2697 1554 2732 bei
1579 2696 1706 2732 Cicero

966 2748 1041 2782 und
1062 2747 1208 2790 Caesar)
1234 2757 1303 2780 nur
1320 2745 1359 2779 in
1379 2744 1621 2780 erklarenden
1641 2744 1706 2778 Zu-

968 2796 1103 2838 satzen,
1129 2794 1187 2828 die
1214 2793 1278 2827 der
1303 2791 1568 2827 Schriftstener
1593 2791 1707 2826 selbst

968 2842 1022 2876 als
1048 2843 1161 2876 etwas
1187 2839 1384 2885 allgemein
1404 2839 1612 2874 Bekanntes
1631 2837 1707 2873 und
