1799 3105
31 351 88 394 50

99 65 156 107 82
608 64 754 99 LIBER,
778 64 841 99 ΙΙΙ.
893 62 994 100 ΟΑΡ.
1021 67 1077 99 49.
1105 67 1161 99 50.

1461 81 1487 99 a.
1508 80 1537 99 u.
1557 80 1582 100 c.
1604 73 1667 101 305.

102 188 175 228 spe
202 189 278 228 per
306 175 499 215 senatum
526 172 738 214 finiendae
770 171 1000 226 potestatis
1029 171 1118 212 eius
1145 171 1463 213 multitudinem
1490 171 1668 215 sedavit.

54 244 74 276 8
102 236 276 275 senatus
315 247 392 274 nec
431 232 601 286 plebem
640 230 903 272 inritandam
942 230 1110 271 censuit
1141 232 1185 270 et
1216 231 1352 272 multo
1390 231 1531 286 magis
1569 246 1666 287 pro-

101 292 349 345 videndum,
380 306 432 332 ne
461 290 563 345 quid
584 289 763 345 Vergini
791 289 1000 330 adventus
1028 289 1070 330 in
1098 288 1286 330 exercitu
1318 292 1462 331 motus
1495 290 1670 333 faceret.

221 350 373 404 Itaque
399 350 521 391 missi
547 349 736 390 iuniores
764 352 937 402 patrum
963 349 1007 389 in
1030 351 1183 401 castra,
1205 362 1311 414 quae
1331 351 1423 389 tum
1449 349 1495 390 in
1522 352 1668 391 monte

102 409 269 451 Vecilio
303 411 442 462 erant,
480 409 683 449 nuntiant
721 407 988 460 decemviris,
1027 409 1075 448 ut
1107 407 1225 448 omni
1259 421 1339 461 ope
1372 408 1426 449 ab
1459 408 1671 449 seditione

55 480 75 511 2
103 469 262 510 milites
295 442 556 509 contirieant.
600 468 660 508 ibi
680 466 912 521 Verginius
946 466 1170 520 maiorem,
1203 480 1331 520 quam
1363 467 1597 521 reliquerat
1622 468 1667 508 in

55 540 75 570 3
102 528 224 580 urbe,
262 530 428 568 motum
467 526 635 568 excivit.
695 541 796 567 nam
835 528 1134 591 praeterquam
1173 525 1287 580 quod
1326 526 1497 580 agmine
1534 541 1671 593 prope

106 586 515 641 quadringentorum
542 585 765 627 hominum
791 584 977 638 veniens,
1010 584 1083 638 qui
1110 584 1163 625 ab
1190 584 1295 626 urbe
1321 584 1582 639 indignitate
1607 585 1669 626 rei

103 646 272 687 accensi
305 645 482 686 comites
516 645 553 685 ei
587 659 631 686 se
665 644 881 697 dederant,
913 645 1170 697 conspectus
1201 645 1279 697 est,
1311 643 1510 685 strictum
1536 645 1670 686 etiam

101 704 236 746 telum
268 718 573 758 respersusque
606 704 697 758 ipse
730 716 878 745 cruore
910 704 1005 744 tota
1036 702 1080 742 in
1115 716 1158 743 se
1185 705 1329 744 castra
1354 703 1576 745 convertit.
1625 706 1671 745 et

100 766 233 818 togae
271 763 553 804 multifariam
591 763 636 804 in
677 762 831 803 castris
872 761 990 802 visae
1031 761 1206 802 maioris
1251 761 1495 816 aliquanto,
1539 777 1670 816 quam

54 834 76 864 4
103 825 206 876 erat,
234 823 418 877 speciem
444 822 635 863 urbanae
661 819 951 862 multitudinis
978 820 1180 861 fecerant.
1224 821 1541 875 quaerentibus,
1567 821 1669 875 quid

100 882 163 923 rei
196 884 326 934 esset,
358 881 464 922 flens
498 880 568 921 diu
600 894 750 922 vocem
782 894 869 921 non
903 879 1037 932 misit3
1083 879 1275 932 tandem,
1306 882 1356 920 ut
1385 879 1473 920 iam
1505 894 1555 921 ex
1585 883 1671 922 tre-

101 941 324 996 pidatione
345 939 689 982 concurrentium
715 938 842 980 turba
862 911 1060 979 constitit
1086 952 1135 979 ac
1162 938 1381 979 silentium
1408 937 1501 989 fuit,
1522 939 1671 980 ordine

55 1011 75 1042 5
103 1003 269 1052 cuncta,
295 1002 344 1040 ut
369 1002 491 1054 gesta
518 1001 651 1052 erant,
678 998 888 1051 exposuit.
929 997 1104 1051 supinas
1131 996 1283 1038 deinde
1309 997 1490 1039 tendens
1516 1012 1672 1039 manus

103 1058 419 1100 commilitones
448 1057 672 1113 appellans
693 1057 856 1109 orabat,
881 1070 947 1109 ne,
974 1056 1087 1110 quod
1112 1055 1249 1097 scelus
1270 1055 1351 1110 Ap.
1373 1053 1524 1098 Claudi
1545 1060 1672 1112 esset,

104 1118 187 1159 sibi
225 1118 512 1158 attribuerent
548 1131 632 1158 neu
670 1130 715 1157 se
753 1118 801 1157 ut
836 1115 1095 1170 parricidam
1132 1115 1318 1156 liberum
1357 1119 1673 1159 aversarentur.

56 1190 75 1221 6
104 1176 185 1218 sibi
218 1177 350 1217 vitam
382 1176 498 1218 filiae
531 1190 607 1217 sua
639 1175 845 1217 cariorem
878 1174 1030 1228 fuisse,
1063 1174 1098 1215 si
1127 1174 1288 1215 liberae
1321 1189 1370 1216 ac
1401 1174 1580 1228 pudicae
1611 1175 1670 1217 vi-

101 1250 202 1277 vere
229 1235 394 1277 licitum
421 1235 591 1290 fuisset,
618 1249 713 1276 cum
734 1234 853 1276 velut
877 1247 1045 1275 servam
1073 1232 1126 1274 ad
1154 1235 1349 1286 stuprum
1375 1234 1470 1288 rapi
1495 1234 1672 1289 videret,

103 1298 241 1336 morte
280 1295 420 1335 amitti
459 1294 610 1336 melius
650 1295 792 1335 ratum
825 1307 956 1347 quam
995 1293 1256 1334 contumelia
1292 1292 1469 1346 liberos,
1507 1293 1671 1334 miseri-

56 1367 75 1398 7
103 1354 250 1396 cordia
288 1367 332 1395 se
364 1354 409 1394 in
441 1353 626 1407 speciem
659 1352 926 1393 crudelitatis
963 1351 1146 1406 lapsum.

145 1481 212 1515 per
247 1469 428 1515 senatum]
467 1467 536 1503 Die
572 1468 682 1502 Plebs
720 1467 848 1512 hoffte,

101 1517 165 1551 der
211 1517 325 1552 Senat
369 1516 491 1551 werde
528 1513 687 1560 Massreg
690 1515 749 1550 eln
794 1526 848 1549 er-

99 1563 255 1610 greifen,
275 1575 338 1598 um
359 1564 418 1598 die
439 1527 687 1598 Dezemvirng
679 1573 741 1596 zur
759 1561 848 1596 Nie-

101 1611 307 1655 derlegung
350 1611 449 1645 ihrer
494 1609 850 1645 Grewaltherrschaft

100 1671 144 1693 zu
170 1669 348 1703 zwmgen.

149 1722 181 1753 8.
207 1729 271 1753 nee
291 1745 298 1752 .
321 1747 328 1754 .
352 1746 359 1753 .
381 1718 430 1763 et]
457 1715 649 1752 einerseits
668 1715 774 1751 nicht
793 1742 800 1750 .
816 1742 848 1750 ..

101 1765 325 1801 andrerseits
352 1765 460 1810 (Kap.
489 1767 545 1807 59,
573 1765 621 1808 3).

148 1860 473 1897 50.1.2·um·ores
498 1857 669 1903 patrum]
706 1857 849 1892 welche

102 1907 181 1942 sich
209 1908 322 1942 sehon
344 1907 510 1951 Kap.41,
527 1910 544 1939 1
573 1904 628 1939 als
647 1905 850 1949 Anhanger

103 1955 168 1990 der
188 1919 426 1990 Dezemvirnp
427 1953 577 1998 gezeigt
595 1952 736 1986 hatten
765 1951 849 1986 lhre

102 2002 332 2047 Absendung
358 2001 514 2043 bewies,
541 1997 618 2034 dass
644 2000 709 2034 der
735 1998 850 2033 Senat

100 2049 197 2083 noch
230 2049 334 2083 nicht
362 2048 433 2083 mit
457 2027 522 2082 1161·
548 2045 848 2081 Wiedereinffih-

100 2107 196 2140 rung
228 2097 292 2130 des
324 2095 527 2130 Tribunats
564 2092 849 2128 einverstanden

101 2154 178 2177 war
204 2143 291 2186 (vgl.
318 2142 411 2186 Kap.
438 2146 495 2184 41,
516 2145 562 2183 5).

147 2196 189 2230 in
214 2198 331 2230 monte
360 2194 511 2239 Vecilio]
538 2191 849 2227 wahrscheinlich

101 2242 166 2277 der
198 2242 278 2276 sich
310 2253 369 2276 am
396 2241 569 2275 Sfidende
602 2240 666 2274 des
692 2239 849 2283 Algidus

100 2289 198 2324 nach
230 2288 384 2323 Westen
420 2286 665 2322 hinziehende
698 2286 847 2321 Ho'hen-

101 2348 182 2381 zug.
233 2335 393 2370 Dorthin
426 2347 503 2369 war
538 2334 616 2369 also
652 2333 719 2367 das
751 2333 849 2367 Heer

100 2394 174 2418 von
194 2383 396 2417 Tusculum
424 2393 505 2426 weg
524 2380 630 2426 (Kap.
652 2384 708 2423 42,
725 2383 759 2425 7)
786 2391 848 2424 86-

100 2431 205 2465 ffihrt
230 2431 389 2465 worden.

149 2493 181 2524 2.
219 2500 328 2534 quam
359 2487 570 2534 reliquerat]
597 2504 642 2516 =
669 2497 778 2531 quam
804 2487 850 2530 (is

100 2537 250 2580 fuerat)
290 2547 392 2581 quem
425 2537 631 2580 reliquerat.
682 2534 768 2578 Vgl.
805 2546 849 2568 zu

101 2585 193 2628 Kap.
224 2587 278 2627 16,
306 2587 336 2618 5.

149 2646 182 2677 3.
216 2641 376 2687 aymi‘ne]
403 2641 498 2676 ohne
525 2651 623 2683 eum,
649 2639 719 2674 wie
745 2639 850 2674 sonst

101 2688 161 2723 bei
175 2688 569 2733 Heeresabteilungen
593 2687 677 2732 Vgl.
695 2698 739 2721 zu
754 2685 847 2731 Kap.

150 2789 315 2822 strictum
327 2789 451 2834 telum]
467 2789 532 2823 das
545 2786 736 2833 gezfickte‚
751 2785 849 2820 offen

104 2836 306 2878 8611686116
339 2835 494 2878 Μ66661ς
528 2836 583 2870 616
615 2814 773 2878 Subje'kt
803 2844 848 2867 zu

1207 1364 1286 1392 nec
1317 1365 1362 1392 se
1394 1352 1670 1406 superstitem

921 1467 963 1502 iri
981 1477 1016 1501 se
1037 1495 1043 1502 .
1067 1494 1074 1500 .
1097 1493 1104 1500 .
1127 1467 1302 1501 convertit
1326 1466 1566 1511 konstruiert,
1593 1479 1668 1503 was

921 1514 973 1548 im
999 1514 1215 1548 Deutschen
1241 1525 1284 1547 zu
1311 1513 1452 1548 {andern
1476 1514 1537 1551 ist.

968 1560 1231 1606 multifariam]
1250 1577 1294 1589 =
1314 1561 1438 1597 multis
1457 1562 1544 1597 loeis
1559 1561 1667 1607 (Kap.

923 1612 955 1651 5,
985 1612 1021 1650 13
1048 1608 1122 1651 vgl.
1150 1620 1193 1641 zu
1220 1611 1276 1649 22,
1305 1610 1351 1652 7).

968 1654 1147 1700 fecerant]
1187 1654 1320 1689 hatten
1346 1682 1354 1689 .
1376 1682 1383 1689 .
1407 1683 1414 1690 .

923 1702 1100 1738 scheinen
1125 1702 1258 1737 lassen.

970 1754 1002 1784 4.
1042 1749 1314 1795 quaerentibus]
1352 1749 1437 1785 Abl.
1477 1749 1592 1786 absol.
1631 1748 1671 1784 iu

923 1797 1069 1832 61116111
1096 1796 1220 1839 Wort3
1250 1797 1323 1841 vgl.
1350 1809 1394 1831 zu
1419 1795 1513 1842 Kap.
1542 1800 1574 1840 6,
1600 1800 1633 1831 4.

970 1855 1013 1879 eae
1030 1843 1288 1889 trepidatione]
1312 1854 1377 1878 aus
1393 1843 1477 1878 dem
1494 1843 1668 1879 Gewirre.

922 1911 966 1917 —
992 1892 1081 1935 fuit]
1109 1907 1153 1920 =
1178 1891 1318 1934 factum
1342 1894 1404 1927 est.

971 1942 1002 1974 5.
1030 1938 1237 1984 appellans]
1264 1937 1353 1973 Dies
1377 1938 1480 1973 steht
1497 1937 1536 1972 in
1555 1937 1669 1972 nahe-

923 1997 982 2020 rer
1018 1984 1231 2029 Beziehung
1267 1997 1351 2019 zum
1388 1985 1570 2019 Pradikat
1612 1985 1669 2018 als

921 2034 1068 2068 tendens
1086 2033 1162 2066 und
1182 2032 1231 2066 ist
1249 2033 1365 2066 daher
1385 2032 1455 2066 mit
1474 2031 1670 2067 letzterem

920 2080 1027 2114 nicht
1053 2079 1169 2113 durch
1195 2082 1227 2113 et
1250 2078 1478 2113 verbunden.

968 2137 1029 2168 rie,
1054 2127 1150 2170 quod
1168 2126 1281 2161 scelus
1301 2125 1389 2172 etc.]
1417 2142 1462 2154 =
1480 2136 1525 2161 rte
1542 2126 1669 2168 scelus,

922 2174 1018 2218 quod
1043 2174 1112 2208 etc.

964 2219 1212 2264 parricidam]
1240 2231 1314 2254 von
1333 2219 1563 2264 ungewisser
1581 2218 1670 2264 Ety-

921 2266 1095 2312 mologie‚
1103 2266 1668 2311 gewohnlich‘Elternmorder',

922 2315 1020 2349 dann
1031 2314 1069 2348 in
1082 2313 1271 2348 weiterem
1281 2313 1371 2348 Sinn
1383 2313 1574 2356 ι’1111151·1161·’,
1589 2313 1671 2348 11161·

923 2362 1040 2396 n'aher
1054 2361 1246 2396 bestimmt
1260 2361 1375 2395 durch
1392 2361 1542 2396 liberum
1554 2364 1612 2403 (=
1625 2361 1668 2395 li-

921 2410 1098 2452 berorum,
1120 2409 1153 2444 d.
1166 2408 1201 2442 h.
1217 2409 1338 2453 filiae;
1357 2406 1537 2453 vgl.Kap.
1550 2411 1606 2450 44,
1618 2408 1666 2452 2).

968 2455 1241 2501 aversarentur]
1269 2456 1350 2500 Vgl.
1379 2467 1422 2489 zu
1447 2454 1540 2499 Kap.
1565 2458 1617 2496 12,
1633 2458 1666 2489 9.

969 2507 1001 2538 6.
1039 2504 1179 2538 licitum
1209 2502 1352 2548 fuisset]
1387 2519 1432 2531 =
1463 2502 1498 2538 ei
1527 2502 1668 2536 licitum

922 2554 1026 2594 esset,
1053 2550 1085 2584 ei
1110 2550 1279 2585 licuisset

969 2596 1203 2650 contumelia]
1227 2595 1278 2630 Er
1301 2595 1407 2631 hatte
1428 2594 1527 2629 661116
1548 2593 1666 2628 Toch

921 2646 990 2687 ter,
1016 2655 1124 2679 wenn
1148 2644 1201 2678 sie
1223 2643 1376 2678 Sklavin
1402 2642 1491 2676 oder
1518 2641 1668 2675 entehrt

921 2701 1092 2736 gewesen
1113 2694 1222 2734 ware,
1247 2689 1353 2724 nicht
1375 2689 1479 2723 mehr
1504 2689 1559 2722 als
1586 2687 1665 2722 sein

921 2739 1022 2773 Kind
1048 2738 1284 2773 anerkennen
1308 2735 1473 2778 konnen,
1501 2746 1539 2769 er
1561 2734 1667 2770 hatte

923 2786 974 2820 sie
1014 2785 1094 2820 also
1133 2784 1249 2819 durch
1290 2782 1349 2817 die
1383 2781 1551 2817 Schande
1586 2792 1665 2816 ver-

922 2833 1037 2868 loren.

1441 1653 1578 1701 grosser
1615 1666 1669 1691 er-
