1799 3105
38 139 63 157 a.
78 131 147 157 Chr.
161 138 189 156 n.
203 131 264 156 423.

584 114 729 149 LIBER
752 115 814 149 IV.
866 114 966 149 CAP.
993 118 1049 149 41.
1557 117 1612 160 69

165 225 385 267 Adversus
424 225 529 266 haec
568 223 779 278 Tempani
819 224 957 265 oratio
1002 223 1224 279 incompta
1267 223 1400 265 fuisse
1447 223 1616 280 dicitur,
1630 226 1684 267 41

46 288 234 328 ceterum
261 284 510 326 militariter
535 282 699 339 graviS,
718 296 804 323 non
832 281 920 324 suis
948 297 1058 324 vana
1084 282 1304 337 laudibus,
1324 297 1409 324 non
1436 283 1613 325 crimine

47 346 188 388 alieno
232 344 366 386 laeta:
400 346 562 399 quanta
604 341 832 398 prudentia
876 342 938 383 rei
983 341 1161 383 bellicae
1205 342 1249 383 in
1289 340 1334 384 G.
1361 340 1614 397 Sempronio
1643 354 1662 384 2

47 406 180 459 esset,
206 417 292 445 non
323 403 477 444 militis
499 401 549 443 de
570 402 828 456 imperatore
850 401 1219 443 existimationem
1240 415 1351 456 esse,
1373 401 1444 442 sed
1466 402 1617 457 populi

45 463 233 505 Romani
264 462 418 517 fuisse,
451 476 546 503 cum
581 476 676 503 eum
710 459 896 502 comitiis
924 460 1143 501 consulem
1170 461 1345 516 legeret.
1395 461 1539 516 itaque
1564 476 1617 503 ne
1644 469 1664 500 3

48 523 102 564 ab
136 537 181 564 se
214 521 493 577 imperatoria
532 520 710 562 consilia
752 534 837 561 neu
881 519 1128 560 consulares
1174 523 1288 561 artes
1334 520 1618 576 exquirerent,

47 596 156 637 quae
188 580 444 637 pensitanda
478 594 646 635 quoque
678 578 848 632 magnis
882 578 1038 620 animis
1072 582 1201 633 atque
1234 579 1419 634 ingeniis
1461 582 1618 622 essent.

49 640 123 683 sed
156 641 270 696 quod
302 640 475 694 viderit,
508 638 666 680 referre
698 652 836 694 posse.

898 637 1059 679 vidisse
1093 640 1236 679 autem
1270 653 1332 694 se,
1364 639 1617 695 priusquam
1645 648 1666 678 4

47 700 101 742 ab
141 699 232 741 acie
270 699 648 754 intercluderetur,
686 697 903 739 consulem
943 697 988 739 in
1028 697 1170 753 prima
1208 697 1296 739 acie
1341 701 1618 754 pugnantem,

47 758 368 812 adhortantem,
399 757 511 799 inter
544 758 668 812 signa
699 756 896 798 Romana
927 757 1099 812 telaque
1136 756 1331 798 hostium
1364 759 1619 800 versantem.

46 821 200 874 postea
233 832 278 859 se
310 833 335 859 a
368 819 599 872 conspectu
635 830 810 858 suorum
844 816 1037 857 ablatum
1078 831 1128 858 ex
1167 816 1352 870 strepitu
1391 819 1536 859 tamen
1576 819 1620 859 et
1647 826 1665 856 5

47 877 235 919 clamore
268 876 457 919 sensisse
491 890 624 931 usque
658 875 710 917 ad
737 878 905 917 noctem
935 878 1175 918 extractum
1203 878 1438 931 certamen,
1463 891 1541 918 nec
1568 876 1620 917 ad

45 937 282 992 tumulum,
303 950 429 991 quem
450 936 543 991 ipse
569 938 784 990 tenuerat,
805 950 906 990 prae
933 934 1209 976 multitudine
1236 934 1427 976 hostium
1449 935 1620 977 credere

45 996 267 1051 perrumpi
305 995 512 1051 potuisse.

574 994 785 1036 exercitus
826 994 901 1036 ubi
941 997 1073 1050 esset,
1107 1009 1150 1035 se
1189 995 1373 1049 nescire3
1405 994 1621 1050 arbitrari,
1648 1003 1668 1033 6

46 1055 167 1096 velut
198 1054 291 1109 ipse
324 1055 368 1095 in
401 1069 445 1096 re
478 1054 648 1108 trepida
680 1054 764 1095 loci
795 1053 1010 1108 praesidio
1045 1069 1090 1096 se
1123 1068 1310 1108 suosque
1343 1054 1401 1095 sit
1440 1057 1621 1109 tutatus,

47 1114 109 1156 sic
141 1115 360 1156 consulem
393 1113 592 1155 servandi
625 1113 836 1155 exercitus
869 1128 998 1155 causa
1031 1114 1126 1154 loca
1158 1112 1322 1154 tutiora
1365 1113 1517 1155 eastris
1558 1128 1621 1156 ce-

45 1173 173 1229 pisse.

237 1188 317 1215 nee
348 1172 607 1215 Volscorum
639 1172 839 1214 meliores
873 1187 940 1214 res
976 1187 1068 1215 esse
1101 1172 1269 1215 credere
1303 1187 1430 1227 quam
1472 1173 1622 1228 populi
1650 1182 1668 1213 7

45 1232 252 1288 Romani,
289 1232 508 1274 fortunam
548 1234 805 1287 noctemque
846 1232 991 1273 omnia
1031 1232 1185 1290 eri-gris
1225 1232 1366 1273 mutui
1405 1232 1622 1287 implesse.

46 1294 379 1348 precantemque
413 1291 583 1346 deinde,
608 1306 661 1333 ne
695 1306 739 1332 se
771 1291 932 1333 fessum
966 1291 1112 1333 labore
1144 1306 1193 1333 ae
1218 1291 1469 1333 vulneribus
1502 1294 1622 1334 tene-

46 1355 160 1406 rent,
193 1366 289 1393 cum
321 1350 489 1406 ingenti
515 1350 640 1392 laude
666 1365 751 1391 non
779 1350 957 1393 virtutis
985 1351 1126 1406 magis
1155 1365 1283 1406 quam
1312 1350 1620 1392 moderationis

47 1410 287 1452 dimittunt.

166 1468 274 1512 Cum
306 1469 414 1511 haec
445 1472 696 1525 agerentur,
728 1469 814 1510 iam
848 1469 996 1512 consul
1030 1469 1099 1511 via
1130 1469 1349 1511 Labicana
1382 1469 1434 1511 ad
1472 1468 1621 1511 fanum
1649 1481 1668 1511 8

46 1529 213 1579 Quietis
247 1531 350 1571 erat.
408 1543 456 1570 eo
489 1528 623 1570 missa
648 1528 846 1584 plaustra
872 1529 1149 1584 iumentaque
1177 1528 1263 1570 alia
1289 1529 1343 1570 ab
1370 1529 1476 1570 urbe
1504 1543 1620 1570 exer-

47 1588 182 1631 eitum
215 1588 431 1630 adfectum
463 1587 628 1643 proelio
663 1603 714 1631 ac
746 1588 815 1630 via
845 1591 1060 1630 nocturna
1094 1603 1309 1643 excepere.
1359 1588 1490 1643 paulo
1522 1590 1623 1643 post
1649 1600 1669 1631 9

93 1716 156 1751 41.
190 1720 221 1750 1.
249 1717 458 1751 militariter
483 1716 619 1762 mavis]
654 1716 797 1751 wfirde·

44 1764 124 1799 voll
149 1764 247 1798 nach
273 1762 502 1808 Kriegerart.

92 1811 185 1857 suis]
214 1808 364 1856 ‘eigen’,
393 1810 460 1845 auf
478 1811 653 1856 Tempani
673 1823 716 1845 zu
734 1811 796 1845 be-

45 1858 186 1894 ziehen.

94 1910 126 1941 2.
153 1917 228 1941 non
253 1906 382 1940 militis
398 1935 403 1940 .
422 1934 427 1940 .
446 1934 451 1939 .
467 1906 551 1951 esse]
581 1903 664 1940 ‘das
698 1905 796 1940 habe

49 1953 157 1988 nicht
183 1954 249 1987 der
276 1952 409 1987 Soldat
433 1952 495 1987 bei
523 1953 660 1987 seinem
687 1953 797 1987 Feld-

46 2001 158 2036 herrn
174 2012 217 2034 zu
231 1997 468 2044 beurteilen',
485 2000 573 2034 kurz
589 2001 700 2035 statt:
721 2011 796 2036 non

44 2059 149 2084 suam
160 2049 462 2083 existimationem
480 2059 560 2090 esse,
574 2059 686 2093 neque
700 2049 795 2083 enim

44 2096 174 2131 militis
194 2096 235 2130 de
251 2097 465 2140 imperatore
494 2096 795 2131 existimationem

46 2154 128 2179 esse.
185 2143 265 2188 Vgl.
285 2143 379 2188 Kap.
402 2147 457 2179 20.
476 2146 507 2178 8,

94 2195 126 2226 3.
152 2194 260 2234 artes,
286 2190 590 2235 Eigenschaften.

87 2238 327 2283 pensitanda]
343 2237 411 2272 Bei
432 2237 561 2272 Cicero
582 2237 690 2273 heisst
704 2249 792 2283 pen-

44 2286 156 2321 sitare
176 2282 390 2320 ‘bezahlen’
422 2285 518 2329 (z.B.
547 2285 591 2320 de
619 2286 707 2331 imp.
730 2284 794 2320 Cn.

46 2332 174 2377 Pomp.
191 2337 209 2375 ξ
227 2336 269 2367 16
290 2333 354 2377 qai
374 2334 567 2379 veetiyalia
589 2334 694 2368 nobis
708 2344 798 2378 pen-

44 2381 183 2423 sicanii,
229 2379 291 2414 bei
329 2379 456 2414 Livius
494 2381 571 2415 und
617 2380 798 2426 Spateren

45 2427 135 2462 aber
157 2425 374 2471 ‘abw'agem
402 2426 630 2463 beurteilen’.

93 2485 230 2520 quoque
245 2476 339 2509 setzt
351 2476 575 2520 pensitanda
595 2475 632 2510 in
654 2475 797 2520 Gegen-

46 2524 123 2556 satz
175 2533 219 2556 zu
270 2521 391 2556 einem
439 2523 597 2567 andern,
648 2535 692 2557 zu
743 2533 798 2556 er-

44 2569 262 2613 g'anzenden
277 2569 432 2614 Begriff:
455 2570 595 2605 welche
617 2572 628 2615 (
631 2570 700 2604 wie
716 2569 796 2604 ihre

44 2616 184 2661 'Ti-'ager
196 2617 498 2662 hervorragende
509 2617 666 2652 Manner
681 2617 795 2661 seien)

46 2664 142 2698 auch
174 2676 244 2698 nur
277 2675 351 2698 von
385 2663 529 2709 grossen
556 2665 688 2700 Seelen
719 2664 795 2698 und

46 2710 219 2746 Geistern
250 2712 430 2746 beurteilt
455 2713 605 2747 werden
633 2711 793 2746 diii-ften.

93 2762 125 2792 4.
165 2759 287 2805 siyna]
335 2759 395 2793 die
440 2759 686 2794 Feldzeichen
732 2759 798 2793 der

45 2805 213 2850 Manipel
240 2807 334 2841 statt
359 2806 481 2842 dieser
507 2808 633 2841 selbst.

95 2857 125 2887 5.
141 2853 412 2900 tenuerat]Man
424 2856 598 2889 erwartet
608 2854 777 2888 tenuisset
787 2867 800 2896 ‚-

46 2899 136 2934 aber
161 2899 288 2935 Livius
314 2900 396 2936 iant
420 2901 459 2935 in
487 2902 552 2936 der
573 2900 701 2935 Oratio
730 2900 792 2935 ob-

872 1715 976 1760 liqua
1007 1715 1185 1750 zuweilen
1221 1715 1455 1750 Nebens'atze
1488 1715 1539 1750 im
1565 1717 1622 1750 In-

873 1762 1019 1798 dikativ
1045 1764 1176 1798 stehen
1203 1765 1256 1810 (3,
1274 1767 1304 1806 2,
1320 1768 1357 1806 3;
1381 1768 1488 1807 13,1;
1518 1767 1572 1807 15,
1589 1768 1621 1798 3.

871 1812 1286 1856 2e,1e‚2.37‚34,6y

921 1870 1111 1916 terroris]
1137 1869 1187 1904 Zu
1213 1870 1359 1914 implere
1383 1871 1478 1904 setzt
1494 1869 1621 1904 Livius

869 1917 1048 1951 zuweilen
1071 1918 1174 1961 (aber
1193 1916 1253 1951 nie
1276 1928 1319 1951 zu
1340 1918 1526 1962 complere)
1549 1917 1623 1952 den

871 1964 960 2000 Gen.
998 1964 1210 1999 abstrakter
1245 1964 1407 2009 Begriffe
1449 1966 1493 2009 (1,
1510 1969 1566 2008 46,
1583 1969 1621 2008 83

870 2016 900 2056 3,
919 2016 972 2057 63,
991 2016 1054 2055 103
1077 2016 1108 2055 5,
1125 2016 1180 2055 28,
1198 2016 1236 2054 43
1260 2017 1290 2056 7,
1308 2017 1338 2055 7,
1355 2016 1621 2056 5;10,14,20;

869 2064 1049 2104 25‚40‚6;
1080 2063 1258 2103 26,19,2;
1283 2063 1464 2104 29‚14‚2;
1493 2063 1621 2104 35‚35,

871 2111 907 2149 ὃς
937 2112 991 2151 36,
1010 2112 1064 2151 12,
1089 2110 1159 2152 10),
1188 2107 1284 2142 doch
1311 2108 1406 2142 auch
1435 2107 1508 2143 den
1534 2107 1621 2143 Abl.

913 2167 1186 2214 moderationis]
1196 2163 1204 2176 ‘
1213 2166 1432 2212 Miissigung
1448 2166 1622 2202 Beschei-

871 2211 1056 2258 denheit',
1084 2214 1245 2259 inbezug
1272 2215 1339 2249 auf
1362 2214 1514 2259 eigenes
1541 2214 1618 2249 Lob

870 2262 945 2296 und
981 2262 1260 2307 Anerkennung
1296 2262 1362 2297 der
1397 2261 1621 2297 Verdienste

872 2310 936 2344 des
962 2309 1137 2344 Konsuls.

922 2373 954 2404 8.
991 2369 1200 2414 Labicana]
1238 2368 1419 2413 Adjektiv
1457 2380 1500 2402 zu
1537 2368 1621 2402 dem

875 2416 1122 2451 Stadtnamen
1153 2417 1298 2451 Labici.
1333 2436 1377 2442 —
1411 2415 1487 2450 Der
1521 2415 1620 2450 Kon-

875 2464 932 2498 sul
969 2475 1044 2498 war
1082 2463 1148 2498 auf
1169 2463 1373 2508 Umwegen
1410 2463 1528 2497 durch
1555 2462 1621 2497 das

873 2511 978 2546 Land
1005 2511 1071 2545 der
1091 2510 1276 2545 Herniker
1297 2510 1364 2544 auf
1376 2510 1462 2555 jene
1485 2509 1619 2544 Strasse

871 2559 1036 2603 gelangt,
1078 2558 1254 2593 wahrend
1294 2557 1519 2602 Tempanius
1559 2557 1625 2592 auf

871 2606 944 2640 den
987 2605 1169 2639 nachsten
1207 2605 1349 2649 Wegen
1384 2605 1481 2639 nach
1526 2604 1620 2638 Rom

870 2652 988 2697 geeilt
1013 2663 1089 2686 war
1116 2652 1223 2697 (Kap.
1251 2657 1307 2695 39,
1324 2654 1370 2696 9).

920 2712 1150 2756 iumentaque
1183 2710 1275 2757 alia]
1309 2711 1385 2745 und
1420 2711 1531 2754 (noch
1559 2722 1620 2745 an-

872 2758 974 2804 dere)
1024 2757 1220 2793 Lasttiere.
1302 2759 1400 2802 alia,
1459 2758 1620 2793 welches

870 2805 998 2840 besser
1043 2805 1170 2840 fehlen
1212 2806 1352 2848 warde,
1394 2806 1525 2840 deutet
1563 2817 1620 2851 an,

873 2852 947 2887 dass
975 2853 1070 2887 auch
1091 2852 1151 2887 die
1175 2854 1348 2898 plaustra
1368 2852 1438 2888 mit
1458 2854 1621 2889 iumenta

872 2900 1057 2945 bespannt
1084 2911 1219 2935 waren.
