1799 3105
580 64 727 99 LIBER
752 64 797 100 Π.
850 63 950 99 CAP.
979 68 1033 99 59.
1062 67 1116 99 60.

1548 64 1628 106 131

69 82 97 102 a.
119 75 184 102 Chr.
207 75 267 100 471.

71 177 175 216 haud
212 176 308 214 falso
346 177 387 214 in
424 176 667 226 proditorem
705 176 923 214 exercitum
961 175 1140 213 militaris
1173 174 1420 226 disciplinae,
1459 175 1632 214 deserto-

71 248 155 275 rem
178 237 397 287 signorum,
431 235 499 274 ubi
524 236 650 286 sigua,
683 234 751 273 uhi
784 247 890 273 arma
922 241 1070 285 essent,
1104 233 1278 285 singulos
1310 235 1496 285 rogitans,
1529 235 1630 272 iner-
1660 243 1703 275 10

69 307 152 334 mes
185 294 348 346 milites,
381 296 491 345 signo
525 295 667 332 amisso
707 293 932 345 signiferos,
971 294 1018 331 ad
1055 293 1130 332 hoc
1169 294 1421 332 centuriones
1460 293 1631 344 duplica·
1659 303 1701 333 11

71 355 247 406 riosque,
293 355 361 405 qui
398 353 642 404 reliquerant
679 353 858 405 ordines,
905 354 1022 403 virgis
1067 364 1201 391 caesos
1242 354 1374 391 securi
1417 354 1632 404 percussit,

70 419 201 452 cetera
233 413 443 452 multitudo
477 418 582 451 sorte
615 412 805 451 decumus
839 413 1005 463 quisque
1039 412 1085 450 ad
1120 412 1357 463 supplicium
1388 411 1490 450 lecti.

188 472 333 511 Contra
370 484 414 511 ea
451 473 492 510 in
523 472 670 522 Aequis
708 472 812 509 inter
851 470 1053 509 consulem
1092 484 1133 509 ac
1180 470 1324 510 milites
1368 472 1550 510 comitate
1587 483 1630 510 ac
1654 473 1704 509 60

69 532 272 570 beneficiis
311 536 505 570 certatum
543 536 612 568 est.
676 535 714 568 et
754 535 894 568 natura
932 529 1139 574 Quinctitls
1178 536 1261 569 erat
1293 530 1438 583 lenior,
1480 536 1518 569 et
1551 542 1632 569 sae-

71 592 162 630 vitia
187 590 321 629 infelix
353 589 541 640 collegae,
574 601 651 640 quo
684 590 717 627 is
749 590 872 639 magis
905 589 1094 639 gauderet
1126 590 1283 640 ingenio
1317 602 1405 641 suo,
1438 589 1632 628 effecerat.

70 650 162 689 huic
194 655 323 688 tantae
357 648 590 688 concordiae
623 648 735 687 ducis
768 649 1047 699 exercitusque
1080 660 1158 686 non
1191 650 1276 687 ausi
1308 649 1449 687 offerre
1488 661 1529 688 56
1561 650 1632 687 Α6-
1659 658 1679 689 2

70 710 154 760 qui,
193 709 325 759 vagari
361 707 687 759 populabundum
723 708 879 746 hostem
916 719 987 758 per
1019 720 1133 758 agros
1165 709 1289 759 passi,
1327 720 1399 746 nec
1432 708 1511 746 ullo
1544 714 1632 747 ante

69 767 171 807 bello
208 767 325 807 latius
362 768 454 806 inde
492 772 599 806 actae
637 767 817 818 praedae.
857 779 900 805 ea
939 768 1065 805 omnis
1104 767 1219 805 militi
1257 767 1344 805 data
1386 773 1455 805 est.
1519 768 1632 806 adde-
1659 777 1679 807 3

70 827 213 866 bantur
251 833 290 866 et
326 827 479 879 laudes,
518 826 662 878 quibus
700 826 804 865 haud
842 827 972 864 minus
1006 839 1122 877 quam
1153 828 1328 877 praemio
1361 826 1533 877 gaudent
1564 828 1633 864 mi-

69 886 182 925 litum
220 887 350 926 animi.
413 898 504 925 cum
542 886 634 925 duci
666 892 749 925 tum
784 891 947 937 propter
980 886 1121 924 ducem
1152 885 1332 937 patribus
1365 898 1522 937 quoque
1555 885 1632 936 pla-

70 947 193 985 catior
237 947 435 985 exercitus
480 945 603 997 redit,
647 945 722 984 sibi
767 950 990 997 parentem,
1035 945 1149 983 alteri
1193 946 1387 983 exercitui
1431 945 1634 984 dominum

70 1005 205 1044 datum
242 1005 290 1044 ab
329 1010 468 1044 senatu
505 1017 738 1043 memorans.
775 1027 824 1031 —
861 1004 974 1043 Varia
1012 1005 1169 1043 fortuna
1205 1004 1298 1043 belli
1329 1006 1454 1043 atroci
1486 1004 1633 1043 discor-
1660 1014 1682 1044 4

70 1065 132 1103 dia
171 1065 278 1103 domi
316 1064 490 1115 forisque
532 1076 678 1103 annum
717 1070 898 1102 exactum
936 1065 1131 1114 insignem
1168 1065 1335 1102 maxime
1375 1065 1533 1102 comitia
1565 1065 1632 1102 tri-

70 1124 165 1162 buta
203 1124 397 1176 efficiunt,
435 1136 498 1162 res
536 1125 661 1162 maior
700 1124 862 1162 victoria
901 1124 1076 1174 suscepti
1114 1124 1340 1161 certaminis
1380 1135 1496 1174 quam
1540 1135 1633 1162 usu:

71 1182 159 1234 plus
198 1184 302 1221 enim
337 1183 538 1234 dignitatis
577 1184 746 1221 comitiis
778 1184 875 1233 ipsis
908 1183 1128 1221 detractum
1161 1188 1221 1221 est
1252 1182 1430 1233 patribus
1465 1195 1510 1220 ex
1544 1194 1633 1221 con·
1661 1191 1680 1223 5

71 1242 161 1281 cilio
199 1242 495 1294 submovendis,
535 1254 651 1293 quam
689 1243 832 1280 virium
871 1248 937 1280 aut
974 1241 1079 1292 plebi
1117 1241 1294 1280 additum
1333 1247 1392 1280 est
1430 1247 1497 1280 aut
1529 1241 1633 1280 dem-

70 1307 182 1353 ptum
213 1301 403 1353 patribus.

71 1430 175 1464 sonst
205 1428 341 1471 effusas
374 1437 502 1462 cursus
527 1427 616 1461 oder
641 1438 684 1461 esc
709 1427 814 1462 dissi-

68 1479 159 1520 pata
182 1475 276 1520 fuya
301 1478 358 1519 28,
385 1478 441 1519 20,
467 1477 498 1510 8.
532 1478 588 1517 29,
615 1478 671 1519 33,
698 1478 729 1510 6.
757 1477 814 1518 38,

70 1527 133 1567 27,
167 1526 198 1558 8.
227 1543 271 1548 —
296 1523 397 1558 haud
427 1523 539 1566 falso,
577 1517 640 1556 ἅπ.
676 1520 741 1565 εἰρ.
770 1542 814 1546 -

64 1571 288 1616 proditorem
313 1571 518 1613 exercitum,
545 1581 572 1604 5.
599 1581 643 1603 zu
671 1573 701 1612 1,
729 1573 760 1613 7,
782 1573 814 1613 5,

71 1618 164 1653 stati]
190 1617 289 1652 eines
309 1617 467 1660 Partic.;
487 1617 657 1661 proditor
682 1627 720 1651 so
746 1629 815 1651 nur

70 1665 161 1700 hier.
189 1686 231 1690 -—
265 1665 369 1710 siquo
400 1665 550 1706 amisso,
586 1663 669 1698 Abl.
702 1663 813 1708 qual„

71 1711 267 1747 attributiv
302 1724 348 1746 zu
377 1712 581 1756 siqniferos.
615 1731 659 1736 —
695 1712 814 1756 dupli-

73 1760 167 1794 carz'i
185 1770 309 1794 waren
329 1759 388 1794 die
403 1758 592 1801 Soldaten,
613 1757 673 1793 die
684 1769 815 1803 wegen

70 1807 170 1841 ihrer
191 1806 410 1851 Tapferkeit
429 1806 605 1850 doppelte
625 1805 814 1840 Getreide-

70 1854 240 1889 rationen
271 1853 472 1897 bekamen,
504 1853 578 1898 vgl.
613 1857 650 1895 7,
685 1857 746 1896 37,
781 1857 813 1888 2.

71 1901 147 1936 Das
172 1901 281 1936 Wort
306 1901 367 1936 bei
392 1901 433 1936 L.
460 1913 528 1935 nur
553 1900 644 1935 hier.
672 1921 715 1925 --
741 1901 813 1935 dec.

71 1950 220 1994 quisque
245 1975 252 1983 .
281 1977 288 1984 .
316 1949 415 1991 lecti,
440 1948 512 1983 den
537 1947 732 1982 Ausdruck
757 1948 814 1983 cle-

72 1997 204 2032 cimare
217 1996 285 2031 hat
298 1996 338 2030 L.
354 1996 450 2031 noch
463 1995 577 2031 nicht.
610 1995 682 2030 Zur
697 1995 815 2030 Sache

72 2056 98 2080 s.
121 2043 193 2079 Cic.
214 2055 250 2089 p.
272 2043 414 2079 Cluent.
436 2047 493 2088 46,
517 2046 585 2078 128
610 2046 815 2077 statuerunt

72 2092 166 2126 enim
195 2091 251 2126 ita
279 2092 433 2126 maiores
463 2091 597 2133 nostri,
633 2094 692 2132 ut,
728 2092 760 2125 si
792 2102 815 2125 α

73 2139 194 2173 multis
231 2142 316 2174 esset
347 2138 529 2182 flayitium
559 2139 612 2172 rei
642 2138 815 2172 militaris

73 2187 287 2229 admissum,
331 2186 517 2222 sortitimze
561 2187 601 2220 in
642 2186 815 2230 quosdam

73 2233 429 2277 animadvena-etur,
457 2236 498 2268 ut
522 2236 634 2267 metus
655 2233 815 2268 videlicet

74 2281 122 2315 cul
141 2291 269 2323 omnes,
297 2291 413 2324 poena
431 2281 480 2315 ad
493 2291 633 2324 paucos
646 2281 813 2325 perveni-

75 2331 136 2362 ret.
163 2326 294 2371 Spater
308 2327 459 2362 wurden
473 2327 532 2361 dje
540 2327 814 2372 Delinquenten

72 2386 146 2409 von
168 2374 240 2408 den
258 2374 414 2419 fibrigen
435 2374 612 2409 Soldaten
631 2374 697 2409 auf
708 2374 813 2410 Com-

73 2421 210 2457 mando
236 2434 281 2456 zu
302 2420 403 2456 Tode
428 2421 626 2466 geprfigelt
649 2422 725 2456 und
752 2433 813 2467 ge-

74 2468 238 2514 steinigt.
274 2469 361 2503 Tac.
387 2479 470 2503 ann.
497 2472 528 2512 3,
556 2472 611 2502 21.
641 2473 694 2513 14,
721 2472 776 2503 44.

124 2516 186 2552 60.
215 2520 316 2551 1—3.
343 2519 470 2550 contra
488 2526 531 2550 ea
550 2515 637 2559 (vgl.
652 2519 813 2560 praeter-

75 2575 127 2607 ea,
146 2565 294 2607 interea,
315 2564 455 2608 postea)
469 2561 716 2597 adverbia1=
732 2573 813 2598 con-

74 2615 133 2646 tra
158 2611 246 2646 oder
271 2623 288 2646 e
313 2611 517 2652 contrario,
543 2609 613 2644 wie
639 2614 672 2652 4,
698 2613 755 2654 52,
782 2614 813 2645 6.

75 2662 137 2702 21,
162 2662 227 2704 20,
254 2663 284 2694 6.
323 2663 386 2702 44,
418 2660 480 2701 43,
512 2661 550 2701 5,
589 2657 684 2692 auch
711 2658 816 2692 immo

75 2710 200 2741 contra
226 2718 267 2741 ea
292 2710 349 2750 41,
376 2709 432 2750 24,
458 2708 491 2748 8,
516 2704 578 2740 bei
602 2704 675 2739 Cic.
701 2715 815 2749 unge-

74 2753 307 2798 brauchljch,
352 2753 522 2798 dagegen
564 2752 625 2787 bei
669 2751 814 2795 Caesar,

75 2800 216 2845 Nepos3
255 2802 356 2836 sonst
391 2800 442 2834 ist
479 2803 603 2835 contra
640 2798 679 2833 in
711 2809 739 2834 c.
775 2809 815 2833 ea

75 2846 320 2894 Prttposition,
347 2852 380 2892 3,
406 2851 461 2892 57,
489 2852 519 2883 1.
546 2851 601 2891 24,
628 2850 684 2891 45,
711 2850 743 2882 4.
771 2867 814 2871 —

886 1438 956 1472 quo
975 1444 1019 1456 =
1043 1431 1097 1469 ut,
1124 1431 1186 1470 33,
1213 1430 1276 1471 25,
1303 1429 1324 1460 8
1351 1437 1420 1471 quo
1446 1428 1563 1471 magis
1588 1455 1595 1462 .

888 1476 1133 1511 laetarentur.
1150 1475 1344 1518 ‚effecerat
1372 1478 1429 1518 41,
1456 1479 1490 1519 4,
1517 1478 1536 1508 2
1563 1486 1633 1519 quo

887 1523 1036 1558 celerius
1060 1523 1175 1565 fieret,
1201 1522 1387 1565 facturum
1412 1533 1457 1556 se.
1497 1525 1552 1566 40,
1576 1526 1632 1567 26,

889 1574 919 1605 5.
947 1581 1018 1615 quo
1042 1581 1115 1605 von
1141 1569 1280 1605 seinem
1307 1568 1546 1614 Comparativ
1572 1581 1633 1615 ge·

886 1618 1013 1653 brenni:
1038 1617 1155 1652 durch
1180 1617 1240 1651 6111
1264 1617 1495 1651 Pronomen:
1522 1621 1578 1659 41,
1601 1622 1632 1660 1,

888 1668 919 1700 5.
960 1669 992 1707 5,
1018 1668 1075 1707 39,
1103 1669 1157 1699 13.
1197 1668 1253 1707 22,
1279 1667 1336 1706 38,
1365 1668 1418 1699 13.
1456 1668 1490 1707 3,
1517 1668 1573 1708 64,
1600 1669 1633 1708 1,

887 1712 1003 1747 durch
1030 1711 1089 1746 ein
1115 1712 1268 1746 anderes
1293 1711 1419 1746 Wort:
1456 1715 1488 1754 4,
1516 1715 1571 1754 29,
1599 1716 1631 1746 3.

888 1763 920 1803 9,
942 1761 997 1803 18,
1020 1763 1073 1793 13.
1103 1763 1158 1802 22,
1179 1763 1236 1802 42,
1258 1762 1289 1793 3.
1311 1763 1343 1801 9,
1363 1762 1421 1803 24,
1443 1763 1476 1803 6,
1496 1759 1632 1794 ebenso

887 1818 942 1851 eo,
974 1807 1102 1849 mutto,
1137 1810 1238 1841 tanto
1269 1818 1304 1840 u.
1331 1809 1364 1841 a.
1392 1827 1435 1830 —
1461 1807 1634 1850 yazcderet

888 1855 960 1899 inq.
989 1871 1033 1883 =
1058 1854 1280 1898 indulgeret,
1317 1856 1537 1898 sequeretur,
1563 1865 1634 1888 nur

887 1901 978 1937 hier.
1006 1922 1051 1926 —
1074 1902 1272 1946 placatior,
1298 1900 1363 1935 der
1387 1900 1633 1946 Komparativ

887 1948 948 1984 bei
973 1948 1014 1983 L.
1039 1949 1136 1984 noch
1162 1953 1219 1992 37,
1245 1951 1302 1993 45,
1330 1952 1367 1991 63
1395 1952 1426 1983 8.

935 2000 968 2032 4.
994 1999 1026 2031 5.
1053 1996 1235 2040 efficiunt,
1262 2008 1289 2030 s,
1316 2007 1361 2030 zu
1378 1995 1500 2040 praef.
1528 1999 1560 2030 5.
1588 2016 1632 2021 —

888 2045 1003 2079 comit.
1030 2044 1111 2079 trib.
1129 2072 1135 2078 .
1153 2071 1160 2078 .
1187 2054 1253 2088 res,
1279 2043 1633 2078 zusammenfassen-

888 2091 951 2126 des
982 2091 1132 2126 Urthess
1160 2091 1252 2126 iiber
1285 2090 1344 2125 die
1376 2091 1490 2125 sehon
1517 2102 1547 2127 e.
1574 2094 1631 2135 58,

888 2143 906 2173 1
935 2138 1124 2173 erwahnte
1144 2137 1333 2184 Rogation
1353 2138 1417 2173 des
1436 2137 1630 2173 Publilius.

887 2206 930 2211 —
945 2187 1062 2221 maior
1076 2187 1229 2221 victoria
1245 2212 1270 2220 ..
1285 2197 1393 2230 quam
1406 2196 1489 2228 usu,
1505 2185 1632 2220 ‘wich-

885 2233 994 2279 tiger,
1020 2233 1284 2277 bedeutender,
1309 2233 1394 2267 weil
1414 2232 1467 2267 sie
1486 2232 1524 2267 in
1547 2233 1631 2267 dem

886 2283 1215 2316 unternommenen
1243 2279 1404 2325 Kampfe
1436 2280 1631 2324 (zwischen

885 2328 1090 2363 Patriciern
1108 2328 1183 2363 und
1196 2327 1404 2372 Plebejern)
1422 2327 1631 2372 uberhaupt

885 2375 1043 2421 gesiegt,
1075 2376 1129 2411 als
1162 2375 1279 2410 durch
1311 2374 1382 2409 den
1409 2374 1631 2409 wirklichen

886 2423 1041 2467 Nutzen,
1062 2423 1133 2457 den
1152 2422 1394 2467 praktischen
1412 2421 1570 2466 Erfolg’.
1586 2442 1629 2446 —

888 2471 967 2504 vict.
988 2471 1207 2514 certaminis,
1227 2474 1260 2512 3,
1276 2473 1332 2512 24,
1347 2473 1366 2503 9
1387 2470 1540 2504 vic-toria
1560 2479 1630 2503 cer-

886 2518 1036 2551 tcnnim's
1054 2527 1164 2561 penes
1188 2517 1353 2551 tribunos
1378 2519 1464 2551 erat.
1493 2519 1548 2559 23,
1575 2519 1629 2559 11,

888 2568 907 2597 2
949 2565 1098 2599 victoria
1141 2564 1253 2599 duelli
1290 2564 1423 2607 populi
1458 2562 1504 2598 R.
1550 2563 1628 2597 erit.

888 2614 943 2655 34,
970 2615 1032 2655 33,
1061 2614 1103 2645 14
1142 2611 1310 2646 inchoata
1349 2611 1498 2645 victoria
1534 2609 1627 2646 belli.

888 2679 931 2682 —
952 2658 1126 2702 patribus
1145 2669 1239 2693 conc.
1261 2658 1428 2700 submota,
1455 2656 1515 2691 die
1534 2658 1628 2692 Aus-

888 2705 1118 2751 schliessung
1157 2705 1221 2740 der
1245 2704 1427 2740 Patricier
1457 2715 1523 2739 aus
1557 2704 1628 2740 den

888 2752 1220 2788 Tribut-Comitien
1233 2752 1461 2797 verringerte
1475 2752 1539 2787 das
1554 2753 1628 2786 An-

887 2799 999 2834 sehen
1037 2799 1156 2835 dieser
1188 2800 1384 2842 letzteren,
1424 2799 1519 2834 ohne
1557 2799 1629 2834 den

887 2846 1046 2883 Einfluss
1081 2847 1145 2883 der
1182 2847 1307 2891 Plebs,
1345 2846 1405 2882 die
1438 2846 1480 2892 ja
1516 2846 1629 2882 sehon

1299 2905 1347 2941 9*
