<?xml version="1.0" encoding="UTF-8"?>
<!DOCTYPE html PUBLIC "-//W3C//DTD XHTML 1.0 Transitional//EN"
    "http://www.w3.org/TR/xhtml1/DTD/xhtml1-transitional.dtd">
<html xmlns="http://www.w3.org/1999/xhtml" xml:lang="en" lang="en">
 <head>
  <title>
</title>
<meta http-equiv="Content-Type" content="text/html;charset=utf-8" />
  <meta name='ocr-system' content='tesseract 3.04.00' />
  <meta name='ocr-capabilities' content='ocr_page ocr_carea ocr_par ocr_line ocrx_word'/>
</head>
<body>
  <div class='ocr_page' id='page_1' title='image "./aburbecondita0104livyuoft_0437.png"; bbox 0 0 1799 3105; ppageno 0'>
   <div class='ocr_carea' id='block_1_1' title="bbox 659 75 1678 118">
    <p class='ocr_par' dir='ltr' id='par_1_1' title="bbox 659 75 1678 118">
     <span class='ocr_line' id='line_1_1' title="bbox 659 75 1678 118; baseline 0 -8"><span class='ocrx_word' id='word_1_1' title='bbox 659 75 807 110; x_wconf 89' lang='lat' dir='ltr'>LIBER</span> <span class='ocrx_word' id='word_1_2' title='bbox 831 75 893 111; x_wconf 86' lang='grc' dir='ltr'>ΙΙΙ.</span> <span class='ocrx_word' id='word_1_3' title='bbox 931 75 1034 111; x_wconf 82' lang='grc' dir='ltr'><strong>ΟΑΡ.</strong></span> <span class='ocrx_word' id='word_1_4' title='bbox 1062 78 1118 110; x_wconf 88' lang='lat'>38.</span> <span class='ocrx_word' id='word_1_5' title='bbox 1620 75 1678 118; x_wconf 84' lang='lat'>65</span> 
     </span>
    </p>
   </div>
   <div class='ocr_carea' id='block_1_2' title="bbox 108 86 439 113">
    <p class='ocr_par' dir='ltr' id='par_1_2' title="bbox 108 86 439 113">
     <span class='ocr_line' id='line_1_2' title="bbox 108 86 439 113; baseline -0.006 0"><span class='ocrx_word' id='word_1_6' title='bbox 108 94 133 113; x_wconf 82' lang='lat' dir='ltr'>a.</span> <span class='ocrx_word' id='word_1_7' title='bbox 154 87 219 113; x_wconf 86' lang='lat' dir='ltr'>Chr.</span> <span class='ocrx_word' id='word_1_8' title='bbox 239 94 268 111; x_wconf 89' lang='lat' dir='ltr'>n.</span> <span class='ocrx_word' id='word_1_9' title='bbox 287 86 439 112; x_wconf 80' lang='lat'>450—449.</span> 
     </span>
    </p>
   </div>
   <div class='ocr_carea' id='block_1_3' title="bbox 108 184 1726 655">
    <p class='ocr_par' dir='ltr' id='par_1_3' title="bbox 108 184 1726 596">
     <span class='ocr_line' id='line_1_3' title="bbox 113 184 1675 242; baseline -0.001 -14"><span class='ocrx_word' id='word_1_10' title='bbox 113 186 285 242; x_wconf 82' lang='lat' dir='ltr'>agmine</span> <span class='ocrx_word' id='word_1_11' title='bbox 312 187 456 226; x_wconf 88' lang='lat' dir='ltr'>castra</span> <span class='ocrx_word' id='word_1_12' title='bbox 481 185 640 239; x_wconf 85' lang='lat' dir='ltr'>locant,</span> <span class='ocrx_word' id='word_1_13' title='bbox 668 200 788 240; x_wconf 89' lang='lat' dir='ltr'>spem</span> <span class='ocrx_word' id='word_1_14' title='bbox 808 185 852 226; x_wconf 90' lang='lat' dir='ltr'>in</span> <span class='ocrx_word' id='word_1_15' title='bbox 874 184 1088 226; x_wconf 80' lang='lat' dir='ltr'>discordia</span> <span class='ocrx_word' id='word_1_16' title='bbox 1108 184 1305 226; x_wconf 85' lang='lat' dir='ltr'>Romana</span> <span class='ocrx_word' id='word_1_17' title='bbox 1325 186 1552 239; x_wconf 89' lang='lat' dir='ltr'>ponentes:</span> <span class='ocrx_word' id='word_1_18' title='bbox 1580 199 1675 227; x_wconf 81' lang='lat' dir='ltr'>eam</span> 
     </span>
     <span class='ocr_line' id='line_1_4' title="bbox 111 243 1726 299; baseline -0.001 -12"><span class='ocrx_word' id='word_1_19' title='bbox 111 245 464 299; x_wconf 73' lang='lat' dir='ltr'>impedimentum</span> <span class='ocrx_word' id='word_1_20' title='bbox 497 245 670 286; x_wconf 88' lang='lat' dir='ltr'>dilectui</span> <span class='ocrx_word' id='word_1_21' title='bbox 701 245 805 286; x_wconf 84' lang='lat' dir='ltr'>fore.</span> <span class='ocrx_word' id='word_1_22' title='bbox 847 259 937 286; x_wconf 87' lang='lat' dir='ltr'>non</span> <span class='ocrx_word' id='word_1_23' title='bbox 961 244 1103 285; x_wconf 90' lang='lat' dir='ltr'>nuntii</span> <span class='ocrx_word' id='word_1_24' title='bbox 1136 245 1290 298; x_wconf 88' lang='lat' dir='ltr'>solum,</span> <span class='ocrx_word' id='word_1_25' title='bbox 1323 243 1396 285; x_wconf 89' lang='lat' dir='ltr'>sed</span> <span class='ocrx_word' id='word_1_26' title='bbox 1419 259 1495 298; x_wconf 86' lang='lat' dir='ltr'>per</span> <span class='ocrx_word' id='word_1_27' title='bbox 1525 245 1677 286; x_wconf 89' lang='lat' dir='ltr'>urbem</span> <span class='ocrx_word' id='word_1_28' title='bbox 1703 254 1726 286; x_wconf 81' lang='lat'>4</span> 
     </span>
     <span class='ocr_line' id='line_1_5' title="bbox 109 303 1676 359; baseline -0.001 -13"><span class='ocrx_word' id='word_1_29' title='bbox 109 304 347 359; x_wconf 78' lang='lat' dir='ltr'>agrestium</span> <span class='ocrx_word' id='word_1_30' title='bbox 368 304 472 358; x_wconf 80' lang='lat' dir='ltr'>fuga</span> <span class='ocrx_word' id='word_1_31' title='bbox 491 303 826 358; x_wconf 74' lang='lat' dir='ltr'>trepidationem</span> <span class='ocrx_word' id='word_1_32' title='bbox 845 303 1006 346; x_wconf 86' lang='lat' dir='ltr'>iniecit.</span> <span class='ocrx_word' id='word_1_33' title='bbox 1045 303 1273 350; x_wconf 87' lang='lat' dir='ltr'>decemviri</span> <span class='ocrx_word' id='word_1_34' title='bbox 1293 304 1552 356; x_wconf 84' lang='lat' dir='ltr'>consultant,</span> <span class='ocrx_word' id='word_1_35' title='bbox 1574 303 1676 358; x_wconf 88' lang='lat' dir='ltr'>quid</span> 
     </span>
     <span class='ocr_line' id='line_1_6' title="bbox 111 362 1675 418; baseline 0 -14"><span class='ocrx_word' id='word_1_36' title='bbox 111 378 219 418; x_wconf 92' lang='lat' dir='ltr'>opus</span> <span class='ocrx_word' id='word_1_37' title='bbox 252 363 367 405; x_wconf 84' lang='lat' dir='ltr'>facto</span> <span class='ocrx_word' id='word_1_38' title='bbox 402 364 476 417; x_wconf 89' lang='lat' dir='ltr'>sit,</span> <span class='ocrx_word' id='word_1_39' title='bbox 521 363 717 405; x_wconf 87' lang='lat' dir='ltr'>destituti</span> <span class='ocrx_word' id='word_1_40' title='bbox 748 363 861 405; x_wconf 87' lang='lat' dir='ltr'>inter</span> <span class='ocrx_word' id='word_1_41' title='bbox 897 365 1069 417; x_wconf 89' lang='lat' dir='ltr'>patrum</span> <span class='ocrx_word' id='word_1_42' title='bbox 1109 366 1151 404; x_wconf 93' lang='lat' dir='ltr'>et</span> <span class='ocrx_word' id='word_1_43' title='bbox 1181 362 1321 418; x_wconf 88' lang='lat' dir='ltr'>plebis</span> <span class='ocrx_word' id='word_1_44' title='bbox 1356 363 1466 405; x_wconf 84' lang='lat' dir='ltr'>odia.</span> <span class='ocrx_word' id='word_1_45' title='bbox 1511 363 1675 404; x_wconf 90' lang='lat' dir='ltr'>addidit</span> 
     </span>
     <span class='ocr_line' id='line_1_7' title="bbox 108 422 1724 477; baseline 0.001 -14"><span class='ocrx_word' id='word_1_46' title='bbox 108 425 319 464; x_wconf 89' lang='lat' dir='ltr'>terrorem</span> <span class='ocrx_word' id='word_1_47' title='bbox 351 423 526 477; x_wconf 83' lang='lat' dir='ltr'>insuper</span> <span class='ocrx_word' id='word_1_48' title='bbox 559 423 691 464; x_wconf 92' lang='lat' dir='ltr'>alium</span> <span class='ocrx_word' id='word_1_49' title='bbox 717 422 903 464; x_wconf 83' lang='lat' dir='ltr'>fortuna.</span> <span class='ocrx_word' id='word_1_50' title='bbox 951 422 1090 476; x_wconf 86' lang='lat' dir='ltr'>Aequi</span> <span class='ocrx_word' id='word_1_51' title='bbox 1116 422 1200 464; x_wconf 87' lang='lat' dir='ltr'>alia</span> <span class='ocrx_word' id='word_1_52' title='bbox 1232 437 1284 464; x_wconf 80' lang='lat' dir='ltr'>ex</span> <span class='ocrx_word' id='word_1_53' title='bbox 1314 425 1434 477; x_wconf 88' lang='lat' dir='ltr'>parte</span> <span class='ocrx_word' id='word_1_54' title='bbox 1467 425 1607 464; x_wconf 85' lang='lat' dir='ltr'>castra</span> <span class='ocrx_word' id='word_1_55' title='bbox 1632 422 1677 464; x_wconf 91' lang='lat' dir='ltr'>in</span> <span class='ocrx_word' id='word_1_56' title='bbox 1704 433 1724 464; x_wconf 81' lang='lat'>5</span> 
     </span>
     <span class='ocr_line' id='line_1_8' title="bbox 109 481 1677 537; baseline 0.001 -14"><span class='ocrx_word' id='word_1_57' title='bbox 109 482 272 537; x_wconf 85' lang='lat' dir='ltr'>Algido</span> <span class='ocrx_word' id='word_1_58' title='bbox 299 483 447 523; x_wconf 87' lang='lat' dir='ltr'>locant</span> <span class='ocrx_word' id='word_1_59' title='bbox 479 482 882 536; x_wconf 87' lang='lat' dir='ltr'>depopulanturque</span> <span class='ocrx_word' id='word_1_60' title='bbox 909 481 1008 522; x_wconf 91' lang='lat' dir='ltr'>inde</span> <span class='ocrx_word' id='word_1_61' title='bbox 1039 482 1361 523; x_wconf 77' lang='lat' dir='ltr'>excursionibus</span> <span class='ocrx_word' id='word_1_62' title='bbox 1386 482 1677 524; x_wconf 89' lang='lat' dir='ltr'>Tusculanum</span> 
     </span>
     <span class='ocr_line' id='line_1_9' title="bbox 110 540 1607 596; baseline -0.001 -13"><span class='ocrx_word' id='word_1_63' title='bbox 110 555 274 596; x_wconf 83' lang='lat' dir='ltr'>agrum.</span> <span class='ocrx_word' id='word_1_64' title='bbox 337 541 471 595; x_wconf 83' lang='lat' dir='ltr'>legati</span> <span class='ocrx_word' id='word_1_65' title='bbox 503 555 553 582; x_wconf 86' lang='lat' dir='ltr'>ea</span> <span class='ocrx_word' id='word_1_66' title='bbox 585 541 637 582; x_wconf 91' lang='lat' dir='ltr'>ab</span> <span class='ocrx_word' id='word_1_67' title='bbox 672 540 857 582; x_wconf 89' lang='lat' dir='ltr'>Tusculo</span> <span class='ocrx_word' id='word_1_68' title='bbox 889 540 1152 594; x_wconf 86' lang='lat' dir='ltr'>praesidium</span> <span class='ocrx_word' id='word_1_69' title='bbox 1186 544 1358 583; x_wconf 89' lang='lat' dir='ltr'>orantes</span> <span class='ocrx_word' id='word_1_70' title='bbox 1390 542 1607 583; x_wconf 87' lang='lat' dir='ltr'>nuntiant.</span> 
     </span>
    </p>

    <p class='ocr_par' dir='ltr' id='par_1_4' title="bbox 232 600 1722 655">
     <span class='ocr_line' id='line_1_10' title="bbox 232 600 1722 655; baseline -0.001 -13"><span class='ocrx_word' id='word_1_71' title='bbox 232 600 272 641; x_wconf 84' lang='lat' dir='ltr'>Is</span> <span class='ocrx_word' id='word_1_72' title='bbox 304 615 440 655; x_wconf 87' lang='lat' dir='ltr'>pavor</span> <span class='ocrx_word' id='word_1_73' title='bbox 477 600 659 654; x_wconf 88' lang='lat' dir='ltr'>perculit</span> <span class='ocrx_word' id='word_1_74' title='bbox 698 600 978 652; x_wconf 76' lang='lat' dir='ltr'>decemviros,</span> <span class='ocrx_word' id='word_1_75' title='bbox 1018 603 1065 641; x_wconf 89' lang='lat' dir='ltr'>ut</span> <span class='ocrx_word' id='word_1_76' title='bbox 1109 604 1306 642; x_wconf 86' lang='lat' dir='ltr'>senatum</span> <span class='ocrx_word' id='word_1_77' title='bbox 1346 601 1475 642; x_wconf 89' lang='lat' dir='ltr'>simul</span> <span class='ocrx_word' id='word_1_78' title='bbox 1508 601 1675 643; x_wconf 89' lang='lat' dir='ltr'>duobus</span> <span class='ocrx_word' id='word_1_79' title='bbox 1703 611 1722 641; x_wconf 83' lang='lat'>6</span> 
     </span>
    </p>
   </div>
   <div class='ocr_carea' id='block_1_4' title="bbox 1740 535 1788 570">
    <p class='ocr_par' dir='ltr' id='par_1_5' title="bbox 1740 535 1788 570">
     <span class='ocr_line' id='line_1_11' title="bbox 1740 535 1788 570; baseline 0 -8"><span class='ocrx_word' id='word_1_80' title='bbox 1740 535 1788 570; x_wconf 53' lang='lat' dir='ltr'>&amp;A</span> 
     </span>
    </p>
   </div>
   <div class='ocr_carea' id='block_1_5' title="bbox 104 659 1744 1608">
    <p class='ocr_par' dir='ltr' id='par_1_6' title="bbox 104 659 1744 1608">
     <span class='ocr_line' id='line_1_12' title="bbox 111 659 1675 702; baseline 0.001 -1"><span class='ocrx_word' id='word_1_81' title='bbox 111 660 488 702; x_wconf 75' lang='lat' dir='ltr'>circumstantibus</span> <span class='ocrx_word' id='word_1_82' title='bbox 522 660 670 701; x_wconf 88' lang='lat' dir='ltr'>urbem</span> <span class='ocrx_word' id='word_1_83' title='bbox 703 659 829 700; x_wconf 89' lang='lat' dir='ltr'>bellis</span> <span class='ocrx_word' id='word_1_84' title='bbox 863 659 1146 701; x_wconf 84' lang='lat' dir='ltr'>consulerent.</span> <span class='ocrx_word' id='word_1_85' title='bbox 1198 660 1322 701; x_wconf 85' lang='lat' dir='ltr'>citari</span> <span class='ocrx_word' id='word_1_86' title='bbox 1353 661 1503 702; x_wconf 90' lang='lat' dir='ltr'>iubent</span> <span class='ocrx_word' id='word_1_87' title='bbox 1535 661 1581 702; x_wconf 90' lang='lat' dir='ltr'>in</span> <span class='ocrx_word' id='word_1_88' title='bbox 1608 676 1675 702; x_wconf 89' lang='lat' dir='ltr'>cu-</span> 
     </span>
     <span class='ocr_line' id='line_1_13' title="bbox 107 718 1677 775; baseline 0.001 -15"><span class='ocrx_word' id='word_1_89' title='bbox 107 719 218 760; x_wconf 86' lang='lat' dir='ltr'>riam</span> <span class='ocrx_word' id='word_1_90' title='bbox 250 722 393 773; x_wconf 89' lang='lat' dir='ltr'>patres</span> <span class='ocrx_word' id='word_1_91' title='bbox 419 718 536 759; x_wconf 90' lang='lat' dir='ltr'>haud</span> <span class='ocrx_word' id='word_1_92' title='bbox 564 719 717 774; x_wconf 84' lang='lat' dir='ltr'>ignari,</span> <span class='ocrx_word' id='word_1_93' title='bbox 751 720 913 773; x_wconf 90' lang='lat' dir='ltr'>quanta</span> <span class='ocrx_word' id='word_1_94' title='bbox 937 718 1121 760; x_wconf 85' lang='lat' dir='ltr'>invidiae</span> <span class='ocrx_word' id='word_1_95' title='bbox 1147 719 1391 760; x_wconf 88' lang='lat' dir='ltr'>immineret</span> <span class='ocrx_word' id='word_1_96' title='bbox 1423 723 1677 775; x_wconf 84' lang='lat' dir='ltr'>tempestas:</span> 
     </span>
     <span class='ocr_line' id='line_1_14' title="bbox 106 778 1724 833; baseline 0.001 -14"><span class='ocrx_word' id='word_1_97' title='bbox 106 792 254 820; x_wconf 89' lang='lat' dir='ltr'>omnes</span> <span class='ocrx_word' id='word_1_98' title='bbox 286 778 444 820; x_wconf 84' lang='lat' dir='ltr'>vastati</span> <span class='ocrx_word' id='word_1_99' title='bbox 483 778 576 833; x_wconf 81' lang='lat' dir='ltr'>agri</span> <span class='ocrx_word' id='word_1_100' title='bbox 608 779 978 832; x_wconf 87' lang='lat' dir='ltr'>periculorumque</span> <span class='ocrx_word' id='word_1_101' title='bbox 1011 778 1330 820; x_wconf 88' lang='lat' dir='ltr'>imminentium</span> <span class='ocrx_word' id='word_1_102' title='bbox 1363 793 1515 820; x_wconf 84' lang='lat' dir='ltr'>causas</span> <span class='ocrx_word' id='word_1_103' title='bbox 1553 780 1599 820; x_wconf 87' lang='lat' dir='ltr'>in</span> <span class='ocrx_word' id='word_1_104' title='bbox 1632 794 1676 821; x_wconf 90' lang='lat' dir='ltr'>se</span> <span class='ocrx_word' id='word_1_105' title='bbox 1703 789 1724 822; x_wconf 84' lang='grc'>7</span> 
     </span>
     <span class='ocr_line' id='line_1_15' title="bbox 109 837 1677 894; baseline 0.001 -15"><span class='ocrx_word' id='word_1_106' title='bbox 109 840 402 893; x_wconf 85' lang='lat' dir='ltr'>congesturos,</span> <span class='ocrx_word' id='word_1_107' title='bbox 428 838 843 892; x_wconf 86' lang='lat' dir='ltr'>temptationemque</span> <span class='ocrx_word' id='word_1_108' title='bbox 865 852 960 879; x_wconf 91' lang='lat' dir='ltr'>eam</span> <span class='ocrx_word' id='word_1_109' title='bbox 985 837 1076 879; x_wconf 85' lang='lat' dir='ltr'>fore</span> <span class='ocrx_word' id='word_1_110' title='bbox 1105 838 1307 880; x_wconf 87' lang='lat' dir='ltr'>abolendi</span> <span class='ocrx_word' id='word_1_111' title='bbox 1335 838 1418 880; x_wconf 89' lang='lat' dir='ltr'>sibi</span> <span class='ocrx_word' id='word_1_112' title='bbox 1449 839 1677 894; x_wconf 83' lang='lat' dir='ltr'>magistra-</span> 
     </span>
     <span class='ocr_line' id='line_1_16' title="bbox 109 897 1676 952; baseline 0 -13"><span class='ocrx_word' id='word_1_113' title='bbox 109 899 196 948; x_wconf 86' lang='lat' dir='ltr'>tus,</span> <span class='ocrx_word' id='word_1_114' title='bbox 237 898 283 938; x_wconf 93' lang='lat' dir='ltr'>ni</span> <span class='ocrx_word' id='word_1_115' title='bbox 316 911 527 939; x_wconf 89' lang='lat' dir='ltr'>consensu</span> <span class='ocrx_word' id='word_1_116' title='bbox 566 898 832 951; x_wconf 86' lang='lat' dir='ltr'>resisterent,</span> <span class='ocrx_word' id='word_1_117' title='bbox 871 897 1138 952; x_wconf 87' lang='lat' dir='ltr'>imperioque</span> <span class='ocrx_word' id='word_1_118' title='bbox 1176 898 1411 939; x_wconf 86' lang='lat' dir='ltr'>inhibendo</span> <span class='ocrx_word' id='word_1_119' title='bbox 1446 899 1600 940; x_wconf 89' lang='lat' dir='ltr'>acriter</span> <span class='ocrx_word' id='word_1_120' title='bbox 1631 899 1676 939; x_wconf 88' lang='lat' dir='ltr'>in</span> 
     </span>
     <span class='ocr_line' id='line_1_17' title="bbox 106 956 1722 1012; baseline 0.002 -15"><span class='ocrx_word' id='word_1_121' title='bbox 106 971 265 1011; x_wconf 88' lang='lat' dir='ltr'>paucos</span> <span class='ocrx_word' id='word_1_122' title='bbox 298 956 558 1011; x_wconf 87' lang='lat' dir='ltr'>praeferocis</span> <span class='ocrx_word' id='word_1_123' title='bbox 592 957 726 998; x_wconf 89' lang='lat' dir='ltr'>animi</span> <span class='ocrx_word' id='word_1_124' title='bbox 753 959 931 998; x_wconf 87' lang='lat' dir='ltr'>conatus</span> <span class='ocrx_word' id='word_1_125' title='bbox 959 956 1142 998; x_wconf 82' lang='lat' dir='ltr'>aliorum</span> <span class='ocrx_word' id='word_1_126' title='bbox 1170 958 1512 1012; x_wconf 87' lang='lat' dir='ltr'>comprimerent.</span> <span class='ocrx_word' id='word_1_127' title='bbox 1557 960 1675 1012; x_wconf 93' lang='lat' dir='ltr'>post·</span> <span class='ocrx_word' id='word_1_128' title='bbox 1702 969 1722 1000; x_wconf 83' lang='grc'>8</span> 
     </span>
     <span class='ocr_line' id='line_1_18' title="bbox 107 1016 1677 1071; baseline 0.001 -14"><span class='ocrx_word' id='word_1_129' title='bbox 107 1031 237 1071; x_wconf 87' lang='lat' dir='ltr'>quam</span> <span class='ocrx_word' id='word_1_130' title='bbox 270 1016 418 1058; x_wconf 86' lang='lat' dir='ltr'>audita</span> <span class='ocrx_word' id='word_1_131' title='bbox 449 1031 535 1058; x_wconf 84' lang='lat' dir='ltr'>vox</span> <span class='ocrx_word' id='word_1_132' title='bbox 575 1016 618 1057; x_wconf 90' lang='lat' dir='ltr'>in</span> <span class='ocrx_word' id='word_1_133' title='bbox 657 1016 751 1058; x_wconf 88' lang='lat' dir='ltr'>foro</span> <span class='ocrx_word' id='word_1_134' title='bbox 785 1019 849 1057; x_wconf 88' lang='lat' dir='ltr'>est</span> <span class='ocrx_word' id='word_1_135' title='bbox 887 1017 1111 1070; x_wconf 86' lang='lat' dir='ltr'>praeconis</span> <span class='ocrx_word' id='word_1_136' title='bbox 1150 1019 1296 1071; x_wconf 88' lang='lat' dir='ltr'>patres</span> <span class='ocrx_word' id='word_1_137' title='bbox 1334 1017 1380 1058; x_wconf 86' lang='lat' dir='ltr'>in</span> <span class='ocrx_word' id='word_1_138' title='bbox 1419 1018 1584 1059; x_wconf 84' lang='lat' dir='ltr'>curiam</span> <span class='ocrx_word' id='word_1_139' title='bbox 1623 1017 1677 1058; x_wconf 89' lang='lat' dir='ltr'>ad</span> 
     </span>
     <span class='ocr_line' id='line_1_19' title="bbox 107 1076 1677 1130; baseline 0.001 -13"><span class='ocrx_word' id='word_1_140' title='bbox 107 1076 370 1117; x_wconf 86' lang='lat' dir='ltr'>decemviros</span> <span class='ocrx_word' id='word_1_141' title='bbox 402 1076 612 1130; x_wconf 85' lang='lat' dir='ltr'>vocantis,</span> <span class='ocrx_word' id='word_1_142' title='bbox 638 1076 756 1117; x_wconf 85' lang='lat' dir='ltr'>velut</span> <span class='ocrx_word' id='word_1_143' title='bbox 784 1090 897 1117; x_wconf 83' lang='lat' dir='ltr'>nova</span> <span class='ocrx_word' id='word_1_144' title='bbox 923 1090 1002 1129; x_wconf 91' lang='lat' dir='ltr'>res,</span> <span class='ocrx_word' id='word_1_145' title='bbox 1030 1076 1129 1130; x_wconf 86' lang='lat' dir='ltr'>quia</span> <span class='ocrx_word' id='word_1_146' title='bbox 1154 1077 1476 1118; x_wconf 88' lang='lat' dir='ltr'>intermiserant</span> <span class='ocrx_word' id='word_1_147' title='bbox 1495 1077 1581 1118; x_wconf 89' lang='lat' dir='ltr'>iam</span> <span class='ocrx_word' id='word_1_148' title='bbox 1603 1077 1677 1118; x_wconf 89' lang='lat' dir='ltr'>diu</span> 
     </span>
     <span class='ocr_line' id='line_1_20' title="bbox 107 1135 1674 1191; baseline 0.001 -15"><span class='ocrx_word' id='word_1_149' title='bbox 107 1149 272 1176; x_wconf 89' lang='lat' dir='ltr'>morem</span> <span class='ocrx_word' id='word_1_150' title='bbox 293 1135 546 1176; x_wconf 88' lang='lat' dir='ltr'>consulendi</span> <span class='ocrx_word' id='word_1_151' title='bbox 567 1138 753 1188; x_wconf 89' lang='lat' dir='ltr'>senatus,</span> <span class='ocrx_word' id='word_1_152' title='bbox 779 1135 1079 1176; x_wconf 88' lang='lat' dir='ltr'>mirabundam</span> <span class='ocrx_word' id='word_1_153' title='bbox 1106 1135 1275 1190; x_wconf 90' lang='lat' dir='ltr'>plebem</span> <span class='ocrx_word' id='word_1_154' title='bbox 1303 1137 1528 1190; x_wconf 83' lang='lat' dir='ltr'>convertit,</span> <span class='ocrx_word' id='word_1_155' title='bbox 1556 1137 1674 1191; x_wconf 89' lang='lat' dir='ltr'>quid—</span> 
     </span>
     <span class='ocr_line' id='line_1_21' title="bbox 106 1194 1675 1250; baseline 0.001 -15"><span class='ocrx_word' id='word_1_156' title='bbox 106 1209 208 1235; x_wconf 86' lang='lat' dir='ltr'>nam</span> <span class='ocrx_word' id='word_1_157' title='bbox 241 1194 480 1249; x_wconf 80' lang='lat' dir='ltr'>incidisset,</span> <span class='ocrx_word' id='word_1_158' title='bbox 514 1209 589 1237; x_wconf 89' lang='lat' dir='ltr'>cur</span> <span class='ocrx_word' id='word_1_159' title='bbox 621 1209 671 1235; x_wconf 84' lang='lat' dir='ltr'>ex</span> <span class='ocrx_word' id='word_1_160' title='bbox 703 1197 825 1236; x_wconf 88' lang='lat' dir='ltr'>tanto</span> <span class='ocrx_word' id='word_1_161' title='bbox 858 1195 1086 1236; x_wconf 84' lang='lat' dir='ltr'>intervallo</span> <span class='ocrx_word' id='word_1_162' title='bbox 1120 1210 1211 1237; x_wconf 89' lang='lat' dir='ltr'>rem</span> <span class='ocrx_word' id='word_1_163' title='bbox 1245 1195 1466 1237; x_wconf 84' lang='lat' dir='ltr'>desuetam</span> <span class='ocrx_word' id='word_1_164' title='bbox 1496 1211 1675 1250; x_wconf 87' lang='lat' dir='ltr'>usurpa-</span> 
     </span>
     <span class='ocr_line' id='line_1_22' title="bbox 105 1254 1721 1310; baseline 0.002 -15"><span class='ocrx_word' id='word_1_165' title='bbox 105 1257 220 1295; x_wconf 90' lang='lat' dir='ltr'>rent:</span> <span class='ocrx_word' id='word_1_166' title='bbox 252 1254 451 1295; x_wconf 90' lang='lat' dir='ltr'>hostibus</span> <span class='ocrx_word' id='word_1_167' title='bbox 484 1254 684 1308; x_wconf 87' lang='lat' dir='ltr'>belloque</span> <span class='ocrx_word' id='word_1_168' title='bbox 717 1254 904 1309; x_wconf 79' lang='lat' dir='ltr'>gratiam</span> <span class='ocrx_word' id='word_1_169' title='bbox 936 1254 1190 1308; x_wconf 85' lang='lat' dir='ltr'>habendam,</span> <span class='ocrx_word' id='word_1_170' title='bbox 1218 1255 1332 1309; x_wconf 87' lang='lat' dir='ltr'>quod</span> <span class='ocrx_word' id='word_1_171' title='bbox 1359 1256 1533 1296; x_wconf 91' lang='lat' dir='ltr'>solitum</span> <span class='ocrx_word' id='word_1_172' title='bbox 1560 1256 1674 1310; x_wconf 89' lang='lat' dir='ltr'>quic·</span> <span class='ocrx_word' id='word_1_173' title='bbox 1701 1266 1721 1298; x_wconf 84' lang='lat'>9</span> 
     </span>
     <span class='ocr_line' id='line_1_23' title="bbox 108 1313 1674 1370; baseline 0.001 -16"><span class='ocrx_word' id='word_1_174' title='bbox 108 1328 237 1367; x_wconf 89' lang='lat' dir='ltr'>quam</span> <span class='ocrx_word' id='word_1_175' title='bbox 269 1313 428 1354; x_wconf 90' lang='lat' dir='ltr'>liberae</span> <span class='ocrx_word' id='word_1_176' title='bbox 461 1313 650 1355; x_wconf 84' lang='lat' dir='ltr'>civitatis</span> <span class='ocrx_word' id='word_1_177' title='bbox 677 1313 809 1355; x_wconf 91' lang='lat' dir='ltr'>fieret.</span> <span class='ocrx_word' id='word_1_178' title='bbox 855 1313 1213 1368; x_wconf 84' lang='lat' dir='ltr'>circumspectare</span> <span class='ocrx_word' id='word_1_179' title='bbox 1240 1315 1440 1356; x_wconf 88' lang='lat' dir='ltr'>omnibus</span> <span class='ocrx_word' id='word_1_180' title='bbox 1467 1315 1551 1356; x_wconf 85' lang='lat' dir='ltr'>fori</span> <span class='ocrx_word' id='word_1_181' title='bbox 1577 1330 1674 1370; x_wconf 88' lang='lat' dir='ltr'>par-</span> 
     </span>
     <span class='ocr_line' id='line_1_24' title="bbox 104 1371 1744 1428; baseline 0.002 -15"><span class='ocrx_word' id='word_1_182' title='bbox 104 1371 219 1414; x_wconf 88' lang='lat' dir='ltr'>tibus</span> <span class='ocrx_word' id='word_1_183' title='bbox 272 1376 515 1415; x_wconf 85' lang='lat' dir='ltr'>senatorem</span> <span class='ocrx_word' id='word_1_184' title='bbox 559 1387 740 1428; x_wconf 88' lang='lat' dir='ltr'>raroque</span> <span class='ocrx_word' id='word_1_185' title='bbox 785 1388 969 1427; x_wconf 86' lang='lat' dir='ltr'>usquam</span> <span class='ocrx_word' id='word_1_186' title='bbox 1001 1374 1229 1415; x_wconf 88' lang='lat' dir='ltr'>noscitare.</span> <span class='ocrx_word' id='word_1_187' title='bbox 1289 1374 1453 1415; x_wconf 88' lang='lat' dir='ltr'>curiam</span> <span class='ocrx_word' id='word_1_188' title='bbox 1484 1374 1584 1416; x_wconf 89' lang='lat' dir='ltr'>inde</span> <span class='ocrx_word' id='word_1_189' title='bbox 1624 1389 1672 1416; x_wconf 88' lang='lat' dir='ltr'>ac</span> <span class='ocrx_word' id='word_1_190' title='bbox 1700 1386 1744 1417; x_wconf 90' lang='lat'>10</span> 
     </span>
     <span class='ocr_line' id='line_1_25' title="bbox 107 1431 1675 1488; baseline 0.002 -15"><span class='ocrx_word' id='word_1_191' title='bbox 107 1431 385 1474; x_wconf 87' lang='lat' dir='ltr'>solitudinem</span> <span class='ocrx_word' id='word_1_192' title='bbox 423 1432 536 1474; x_wconf 85' lang='lat' dir='ltr'>circa</span> <span class='ocrx_word' id='word_1_193' title='bbox 579 1433 843 1474; x_wconf 85' lang='lat' dir='ltr'>decemviros</span> <span class='ocrx_word' id='word_1_194' title='bbox 882 1433 1056 1486; x_wconf 90' lang='lat' dir='ltr'>intueri,</span> <span class='ocrx_word' id='word_1_195' title='bbox 1108 1447 1205 1475; x_wconf 90' lang='lat' dir='ltr'>cum</span> <span class='ocrx_word' id='word_1_196' title='bbox 1249 1436 1291 1475; x_wconf 92' lang='lat' dir='ltr'>et</span> <span class='ocrx_word' id='word_1_197' title='bbox 1334 1434 1418 1488; x_wconf 92' lang='lat' dir='ltr'>ipsi</span> <span class='ocrx_word' id='word_1_198' title='bbox 1463 1449 1675 1476; x_wconf 89' lang='lat' dir='ltr'>consensu</span> 
     </span>
     <span class='ocr_line' id='line_1_26' title="bbox 106 1491 1713 1551; baseline 0.002 -19"><span class='ocrx_word' id='word_1_199' title='bbox 106 1491 295 1533; x_wconf 86' lang='lat' dir='ltr'>invisum</span> <span class='ocrx_word' id='word_1_200' title='bbox 314 1491 556 1546; x_wconf 83' lang='lat' dir='ltr'>imperium,</span> <span class='ocrx_word' id='word_1_201' title='bbox 583 1494 626 1533; x_wconf 89' lang='lat' dir='ltr'>et</span> <span class='ocrx_word' id='word_1_202' title='bbox 650 1492 785 1547; x_wconf 83' lang='lat' dir='ltr'>plebs,</span> <span class='ocrx_word' id='word_1_203' title='bbox 812 1493 912 1546; x_wconf 88' lang='lat' dir='ltr'>quia</span> <span class='ocrx_word' id='word_1_204' title='bbox 937 1492 1119 1546; x_wconf 88' lang='lat' dir='ltr'>privatis</span> <span class='ocrx_word' id='word_1_205' title='bbox 1146 1493 1213 1534; x_wconf 90' lang='lat' dir='ltr'>ius</span> <span class='ocrx_word' id='word_1_206' title='bbox 1240 1507 1329 1534; x_wconf 89' lang='lat' dir='ltr'>non</span> <span class='ocrx_word' id='word_1_207' title='bbox 1355 1496 1469 1535; x_wconf 88' lang='lat' dir='ltr'>esset</span> <span class='ocrx_word' id='word_1_208' title='bbox 1491 1493 1675 1535; x_wconf 82' lang='lat' dir='ltr'>vocandi</span> <span class='ocrx_word' id='word_1_209' title='bbox 1706 1527 1713 1551; x_wconf 63' lang='lat'>³,</span> 
     </span>
     <span class='ocr_line' id='line_1_27' title="bbox 107 1552 1674 1608; baseline 0.002 -16"><span class='ocrx_word' id='word_1_210' title='bbox 107 1553 317 1606; x_wconf 83' lang='lat' dir='ltr'>senatum⁷</span> <span class='ocrx_word' id='word_1_211' title='bbox 341 1566 428 1593; x_wconf 89' lang='lat' dir='ltr'>non</span> <span class='ocrx_word' id='word_1_212' title='bbox 450 1552 676 1593; x_wconf 84' lang='lat' dir='ltr'>convenire</span> <span class='ocrx_word' id='word_1_213' title='bbox 702 1556 846 1606; x_wconf 84' lang='lat' dir='ltr'>patres</span> <span class='ocrx_word' id='word_1_214' title='bbox 872 1552 1279 1607; x_wconf 69' lang='lat' dir='ltr'>interpretarentur,</span> <span class='ocrx_word' id='word_1_215' title='bbox 1312 1553 1399 1594; x_wconf 92' lang='lat' dir='ltr'>iam</span> <span class='ocrx_word' id='word_1_216' title='bbox 1433 1556 1562 1608; x_wconf 90' lang='lat' dir='ltr'>caput</span> <span class='ocrx_word' id='word_1_217' title='bbox 1581 1553 1674 1595; x_wconf 91' lang='lat' dir='ltr'>fieri</span> 
     </span>
    </p>
   </div>
   <div class='ocr_carea' id='block_1_6' title="bbox 970 1681 1673 1726">
    <p class='ocr_par' dir='ltr' id='par_1_7' title="bbox 970 1681 1673 1726">
     <span class='ocr_line' id='line_1_28' title="bbox 970 1681 1673 1726; baseline 0.001 -11"><span class='ocrx_word' id='word_1_218' title='bbox 970 1681 1247 1726; x_wconf 74' lang='lat' dir='ltr'>mirabundam]</span> <span class='ocrx_word' id='word_1_219' title='bbox 1274 1681 1402 1717; x_wconf 89' lang='lat' dir='ltr'>Dieses</span> <span class='ocrx_word' id='word_1_220' title='bbox 1423 1681 1532 1717; x_wconf 85' lang='lat' dir='ltr'>Wort</span> <span class='ocrx_word' id='word_1_221' title='bbox 1555 1682 1673 1717; x_wconf 85' lang='lat' dir='ltr'>findet</span> 
     </span>
    </p>
   </div>
   <div class='ocr_carea' id='block_1_7' title="bbox 152 1679 1671 1775">
    <p class='ocr_par' dir='ltr' id='par_1_8' title="bbox 152 1679 1671 1775">
     <span class='ocr_line' id='line_1_29' title="bbox 152 1679 850 1726; baseline -0.001 -11"><span class='ocrx_word' id='word_1_222' title='bbox 152 1680 246 1726; x_wconf 86' lang='lat' dir='ltr'>eam]</span> <span class='ocrx_word' id='word_1_223' title='bbox 263 1679 352 1715; x_wconf 86' lang='lat' dir='ltr'>Man</span> <span class='ocrx_word' id='word_1_224' title='bbox 367 1682 543 1715; x_wconf 85' lang='lat' dir='ltr'>erwartet</span> <span class='ocrx_word' id='word_1_225' title='bbox 560 1680 601 1715; x_wconf 84' lang='lat' dir='ltr'>id</span> <span class='ocrx_word' id='word_1_226' title='bbox 619 1681 850 1724; x_wconf 84' lang='lat' dir='ltr'>impedimen-</span> 
     </span>
     <span class='ocr_line' id='line_1_30' title="bbox 924 1727 1671 1775; baseline 0.003 -13"><span class='ocrx_word' id='word_1_227' title='bbox 924 1727 1002 1762; x_wconf 86' lang='lat' dir='ltr'>sich</span> <span class='ocrx_word' id='word_1_228' title='bbox 1039 1739 1109 1762; x_wconf 85' lang='lat' dir='ltr'>nur</span> <span class='ocrx_word' id='word_1_229' title='bbox 1142 1727 1204 1763; x_wconf 90' lang='lat' dir='ltr'>bei</span> <span class='ocrx_word' id='word_1_230' title='bbox 1239 1728 1367 1764; x_wconf 87' lang='lat' dir='ltr'>Livius</span> <span class='ocrx_word' id='word_1_231' title='bbox 1400 1728 1481 1773; x_wconf 79' lang='lat'>(25,</span> <span class='ocrx_word' id='word_1_232' title='bbox 1509 1733 1571 1773; x_wconf 81' lang='lat'>37,</span> <span class='ocrx_word' id='word_1_233' title='bbox 1601 1732 1671 1775; x_wconf 83' lang='lat'>12).</span> 
     </span>
    </p>
   </div>
   <div class='ocr_carea' id='block_1_8' title="bbox 105 1727 848 1772">
    <p class='ocr_par' dir='ltr' id='par_1_9' title="bbox 105 1727 848 1772">
     <span class='ocr_line' id='line_1_31' title="bbox 105 1727 848 1772; baseline -0.001 -10"><span class='ocrx_word' id='word_1_234' title='bbox 105 1731 204 1769; x_wconf 85' lang='lat' dir='ltr'>tum;</span> <span class='ocrx_word' id='word_1_235' title='bbox 235 1728 351 1761; x_wconf 88' lang='lat' dir='ltr'>durch</span> <span class='ocrx_word' id='word_1_236' title='bbox 383 1739 460 1762; x_wconf 86' lang='lat' dir='ltr'>eam</span> <span class='ocrx_word' id='word_1_237' title='bbox 490 1727 584 1761; x_wconf 87' lang='lat' dir='ltr'>wird</span> <span class='ocrx_word' id='word_1_238' title='bbox 616 1728 680 1761; x_wconf 89' lang='lat' dir='ltr'>der</span> <span class='ocrx_word' id='word_1_239' title='bbox 706 1727 848 1772; x_wconf 83' lang='lat' dir='ltr'>Haupt-</span> 
     </span>
    </p>
   </div>
   <div class='ocr_carea' id='block_1_9' title="bbox 99 1774 852 2817">
    <p class='ocr_par' dir='ltr' id='par_1_10' title="bbox 103 1774 851 1953">
     <span class='ocr_line' id='line_1_32' title="bbox 103 1774 851 1820; baseline 0 -11"><span class='ocrx_word' id='word_1_240' title='bbox 103 1774 243 1820; x_wconf 86' lang='lat' dir='ltr'>begriff</span> <span class='ocrx_word' id='word_1_241' title='bbox 283 1776 469 1810; x_wconf 81' lang='lat' dir='ltr'>discordia</span> <span class='ocrx_word' id='word_1_242' title='bbox 515 1774 851 1809; x_wconf 79' lang='lat' dir='ltr'>nachdrficklicher</span> 
     </span>
     <span class='ocr_line' id='line_1_33' title="bbox 104 1821 850 1867; baseline 0.001 -11"><span class='ocrx_word' id='word_1_243' title='bbox 104 1822 429 1867; x_wconf 84' lang='lat' dir='ltr'>hervorgehoben:</span> <span class='ocrx_word' id='word_1_244' title='bbox 456 1821 491 1866; x_wconf 83' lang='lat'>4,</span> <span class='ocrx_word' id='word_1_245' title='bbox 514 1825 570 1865; x_wconf 81' lang='lat'>28,</span> <span class='ocrx_word' id='word_1_246' title='bbox 592 1825 612 1857; x_wconf 87' lang='lat'>5</span> <span class='ocrx_word' id='word_1_247' title='bbox 632 1824 850 1865; x_wconf 73' lang='lat' dir='ltr'>necessitate,</span> 
     </span>
     <span class='ocr_line' id='line_1_34' title="bbox 104 1870 850 1915; baseline 0 -11"><span class='ocrx_word' id='word_1_248' title='bbox 104 1881 197 1915; x_wconf 77' lang='lat' dir='ltr'>quae</span> <span class='ocrx_word' id='word_1_249' title='bbox 233 1870 402 1905; x_wconf 86' lang='lat' dir='ltr'>ultimum</span> <span class='ocrx_word' id='word_1_250' title='bbox 434 1880 477 1904; x_wconf 86' lang='lat' dir='ltr'>ac</span> <span class='ocrx_word' id='word_1_251' title='bbox 507 1870 707 1904; x_wconf 77' lang='lat' dir='ltr'>maximum</span> <span class='ocrx_word' id='word_1_252' title='bbox 742 1871 850 1905; x_wconf 81' lang='lat' dir='ltr'>telum</span> 
     </span>
     <span class='ocr_line' id='line_1_35' title="bbox 103 1921 164 1953; baseline 0 0"><span class='ocrx_word' id='word_1_253' title='bbox 103 1921 164 1953; x_wconf 90' lang='lat' dir='ltr'>est.</span> 
     </span>
    </p>

    <p class='ocr_par' dir='ltr' id='par_1_11' title="bbox 103 1964 848 2058">
     <span class='ocr_line' id='line_1_36' title="bbox 153 1964 848 2011; baseline 0 -12"><span class='ocrx_word' id='word_1_254' title='bbox 153 1968 186 2000; x_wconf 88' lang='lat'>4.</span> <span class='ocrx_word' id='word_1_255' title='bbox 208 1975 277 2009; x_wconf 83' lang='lat' dir='ltr'>per</span> <span class='ocrx_word' id='word_1_256' title='bbox 301 1964 439 2011; x_wconf 82' lang='lat' dir='ltr'>urbem]</span> <span class='ocrx_word' id='word_1_257' title='bbox 470 1964 524 1999; x_wconf 86' lang='lat' dir='ltr'>‘in</span> <span class='ocrx_word' id='word_1_258' title='bbox 550 1964 615 2000; x_wconf 86' lang='lat' dir='ltr'>der</span> <span class='ocrx_word' id='word_1_259' title='bbox 636 1965 745 2000; x_wconf 88' lang='lat' dir='ltr'>Stadt</span> <span class='ocrx_word' id='word_1_260' title='bbox 770 1977 848 1999; x_wconf 89' lang='lat' dir='ltr'>um-</span> 
     </span>
     <span class='ocr_line' id='line_1_37' title="bbox 103 2012 556 2058; baseline 0.002 -11"><span class='ocrx_word' id='word_1_261' title='bbox 103 2012 200 2057; x_wconf 87' lang='lat' dir='ltr'>her’,</span> <span class='ocrx_word' id='word_1_262' title='bbox 225 2013 359 2058; x_wconf 74' lang='lat' dir='ltr'>gehort</span> <span class='ocrx_word' id='word_1_263' title='bbox 385 2024 430 2046; x_wconf 89' lang='lat' dir='ltr'>zu</span> <span class='ocrx_word' id='word_1_264' title='bbox 454 2012 556 2057; x_wconf 70' lang='lat' dir='ltr'>fuya.</span> 
     </span>
    </p>

    <p class='ocr_par' dir='ltr' id='par_1_12' title="bbox 152 2059 775 2106">
     <span class='ocr_line' id='line_1_38' title="bbox 152 2059 775 2106; baseline 0 -11"><span class='ocrx_word' id='word_1_265' title='bbox 152 2064 184 2096; x_wconf 85' lang='lat'>5.</span> <span class='ocrx_word' id='word_1_266' title='bbox 212 2061 258 2095; x_wconf 88' lang='lat' dir='ltr'>ab</span> <span class='ocrx_word' id='word_1_267' title='bbox 287 2059 459 2106; x_wconf 80' lang='lat' dir='ltr'>Tusculo]</span> <span class='ocrx_word' id='word_1_268' title='bbox 488 2077 532 2088; x_wconf 94' lang='lat'><strong><em>=</em></strong></span> <span class='ocrx_word' id='word_1_269' title='bbox 561 2060 775 2095; x_wconf 76' lang='lat' dir='ltr'>Tusculani.</span> 
     </span>
    </p>

    <p class='ocr_par' dir='ltr' id='par_1_13' title="bbox 102 2107 849 2295">
     <span class='ocr_line' id='line_1_39' title="bbox 155 2107 849 2154; baseline 0 -12"><span class='ocrx_word' id='word_1_270' title='bbox 155 2112 184 2142; x_wconf 84' lang='lat'>7.</span> <span class='ocrx_word' id='word_1_271' title='bbox 213 2107 397 2154; x_wconf 83' lang='lat' dir='ltr'>abolendi]</span> <span class='ocrx_word' id='word_1_272' title='bbox 426 2108 499 2142; x_wconf 82' lang='lat' dir='ltr'>Das</span> <span class='ocrx_word' id='word_1_273' title='bbox 518 2107 684 2142; x_wconf 89' lang='lat' dir='ltr'>Verbum</span> <span class='ocrx_word' id='word_1_274' title='bbox 710 2108 849 2143; x_wconf 80' lang='lat' dir='ltr'>abolere</span> 
     </span>
     <span class='ocr_line' id='line_1_40' title="bbox 104 2154 849 2200; baseline -0.001 -10"><span class='ocrx_word' id='word_1_275' title='bbox 104 2154 354 2200; x_wconf 85' lang='lat' dir='ltr'>(vernichten,</span> <span class='ocrx_word' id='word_1_276' title='bbox 387 2155 589 2200; x_wconf 80' lang='lat' dir='ltr'>aufheben)</span> <span class='ocrx_word' id='word_1_277' title='bbox 621 2155 713 2189; x_wconf 86' lang='lat' dir='ltr'>wird</span> <span class='ocrx_word' id='word_1_278' title='bbox 745 2156 849 2190; x_wconf 88' lang='lat' dir='ltr'>sonst</span> 
     </span>
     <span class='ocr_line' id='line_1_41' title="bbox 103 2201 848 2249; baseline 0.003 -13"><span class='ocrx_word' id='word_1_279' title='bbox 103 2202 211 2238; x_wconf 83' lang='lat' dir='ltr'>nicht</span> <span class='ocrx_word' id='word_1_280' title='bbox 234 2201 274 2237; x_wconf 87' lang='lat' dir='ltr'>in</span> <span class='ocrx_word' id='word_1_281' title='bbox 300 2203 422 2237; x_wconf 86' lang='lat' dir='ltr'>dieser</span> <span class='ocrx_word' id='word_1_282' title='bbox 437 2202 682 2249; x_wconf 88' lang='lat' dir='ltr'>Verbindung</span> <span class='ocrx_word' id='word_1_283' title='bbox 707 2204 765 2248; x_wconf 88' lang='lat'>(=</span> <span class='ocrx_word' id='word_1_284' title='bbox 787 2204 848 2238; x_wconf 81' lang='lat' dir='ltr'>ab·</span> 
     </span>
     <span class='ocr_line' id='line_1_42' title="bbox 102 2250 490 2295; baseline -0.003 -10"><span class='ocrx_word' id='word_1_285' title='bbox 102 2251 247 2295; x_wconf 76' lang='lat' dir='ltr'>royare)</span> <span class='ocrx_word' id='word_1_286' title='bbox 274 2250 490 2294; x_wconf 86' lang='lat' dir='ltr'>gebraucht.</span> 
     </span>
    </p>

    <p class='ocr_par' dir='ltr' id='par_1_14' title="bbox 99 2297 850 2570">
     <span class='ocr_line' id='line_1_43' title="bbox 149 2297 849 2343; baseline 0.003 -12"><span class='ocrx_word' id='word_1_287' title='bbox 149 2298 386 2343; x_wconf 78' lang='lat' dir='ltr'>praeferocis]</span> <span class='ocrx_word' id='word_1_288' title='bbox 414 2297 487 2332; x_wconf 86' lang='lat' dir='ltr'>Das</span> <span class='ocrx_word' id='word_1_289' title='bbox 506 2298 617 2333; x_wconf 84' lang='lat' dir='ltr'>Wort</span> <span class='ocrx_word' id='word_1_290' title='bbox 634 2298 751 2333; x_wconf 83' lang='lat' dir='ltr'>findet</span> <span class='ocrx_word' id='word_1_291' title='bbox 771 2298 849 2333; x_wconf 84' lang='lat' dir='ltr'>sich</span> 
     </span>
     <span class='ocr_line' id='line_1_44' title="bbox 105 2343 850 2387; baseline 0.004 -9"><span class='ocrx_word' id='word_1_292' title='bbox 105 2355 172 2379; x_wconf 85' lang='lat' dir='ltr'>vor</span> <span class='ocrx_word' id='word_1_293' title='bbox 185 2343 313 2379; x_wconf 84' lang='lat' dir='ltr'>Livius</span> <span class='ocrx_word' id='word_1_294' title='bbox 332 2344 455 2387; x_wconf 85' lang='lat' dir='ltr'>nicht3</span> <span class='ocrx_word' id='word_1_295' title='bbox 477 2345 612 2380; x_wconf 83' lang='lat' dir='ltr'>ebenso</span> <span class='ocrx_word' id='word_1_296' title='bbox 634 2345 850 2381; x_wconf 86' lang='lat' dir='ltr'>erscheinen</span> 
     </span>
     <span class='ocr_line' id='line_1_45' title="bbox 104 2391 849 2437; baseline 0.004 -11"><span class='ocrx_word' id='word_1_297' title='bbox 104 2391 166 2427; x_wconf 88' lang='lat' dir='ltr'>bei</span> <span class='ocrx_word' id='word_1_298' title='bbox 184 2391 263 2426; x_wconf 91' lang='lat' dir='ltr'>ihm</span> <span class='ocrx_word' id='word_1_299' title='bbox 276 2393 413 2426; x_wconf 86' lang='lat' dir='ltr'>zuerst:</span> <span class='ocrx_word' id='word_1_300' title='bbox 429 2393 631 2436; x_wconf 82' lang='lat' dir='ltr'>praealtus,</span> <span class='ocrx_word' id='word_1_301' title='bbox 646 2395 849 2437; x_wconf 78' lang='lat' dir='ltr'>praedives,</span> 
     </span>
     <span class='ocr_line' id='line_1_46' title="bbox 99 2439 849 2485; baseline 0.003 -11"><span class='ocrx_word' id='word_1_302' title='bbox 99 2439 370 2484; x_wconf 80' lang='lat' dir='ltr'>praeferviduS,</span> <span class='ocrx_word' id='word_1_303' title='bbox 391 2440 636 2484; x_wconf 75' lang='lat' dir='ltr'>praeyelidus,</span> <span class='ocrx_word' id='word_1_304' title='bbox 662 2452 849 2485; x_wconf 84' lang='lat' dir='ltr'>praemor-</span> 
     </span>
     <span class='ocr_line' id='line_1_47' title="bbox 104 2485 850 2532; baseline 0.001 -10"><span class='ocrx_word' id='word_1_305' title='bbox 104 2490 191 2522; x_wconf 90' lang='lat' dir='ltr'>tuus</span> <span class='ocrx_word' id='word_1_306' title='bbox 211 2485 319 2531; x_wconf 88' lang='lat' dir='ltr'>(Kap.</span> <span class='ocrx_word' id='word_1_307' title='bbox 337 2491 392 2530; x_wconf 79' lang='lat'>72,</span> <span class='ocrx_word' id='word_1_308' title='bbox 407 2487 454 2530; x_wconf 84' lang='lat'>5),</span> <span class='ocrx_word' id='word_1_309' title='bbox 475 2488 720 2531; x_wconf 83' lang='lat' dir='ltr'>praepollens,</span> <span class='ocrx_word' id='word_1_310' title='bbox 742 2499 850 2532; x_wconf 87' lang='lat' dir='ltr'>prae-</span> 
     </span>
     <span class='ocr_line' id='line_1_48' title="bbox 103 2535 259 2570; baseline -0.006 0"><span class='ocrx_word' id='word_1_311' title='bbox 103 2535 259 2570; x_wconf 82' lang='lat' dir='ltr'>validus.</span> 
     </span>
    </p>

    <p class='ocr_par' dir='ltr' id='par_1_15' title="bbox 103 2580 852 2817">
     <span class='ocr_line' id='line_1_49' title="bbox 153 2580 852 2627; baseline 0.001 -10"><span class='ocrx_word' id='word_1_312' title='bbox 153 2585 186 2617; x_wconf 91' lang='lat'>8.</span> <span class='ocrx_word' id='word_1_313' title='bbox 212 2583 253 2617; x_wconf 89' lang='lat' dir='ltr'>in</span> <span class='ocrx_word' id='word_1_314' title='bbox 270 2581 368 2627; x_wconf 80' lang='lat' dir='ltr'>foro]</span> <span class='ocrx_word' id='word_1_315' title='bbox 389 2581 463 2616; x_wconf 89' lang='lat' dir='ltr'>Der</span> <span class='ocrx_word' id='word_1_316' title='bbox 481 2580 624 2616; x_wconf 88' lang='lat' dir='ltr'>Herold</span> <span class='ocrx_word' id='word_1_317' title='bbox 642 2582 852 2618; x_wconf 77' lang='lat' dir='ltr'>verkfindet</span> 
     </span>
     <span class='ocr_line' id='line_1_50' title="bbox 107 2628 852 2673; baseline 0 -9"><span class='ocrx_word' id='word_1_318' title='bbox 107 2629 186 2664; x_wconf 82' lang='lat' dir='ltr'>dies</span> <span class='ocrx_word' id='word_1_319' title='bbox 206 2629 387 2664; x_wconf 70' lang='lat' dir='ltr'>zun&#39;achst</span> <span class='ocrx_word' id='word_1_320' title='bbox 405 2629 471 2663; x_wconf 84' lang='lat' dir='ltr'>auf</span> <span class='ocrx_word' id='word_1_321' title='bbox 488 2628 572 2663; x_wconf 86' lang='lat' dir='ltr'>dem</span> <span class='ocrx_word' id='word_1_322' title='bbox 592 2628 739 2673; x_wconf 85' lang='lat' dir='ltr'>Forum,</span> <span class='ocrx_word' id='word_1_323' title='bbox 766 2629 852 2664; x_wconf 87' lang='lat' dir='ltr'>weil</span> 
     </span>
     <span class='ocr_line' id='line_1_51' title="bbox 104 2675 851 2719; baseline -0.001 -7"><span class='ocrx_word' id='word_1_324' title='bbox 104 2677 166 2711; x_wconf 89' lang='lat' dir='ltr'>die</span> <span class='ocrx_word' id='word_1_325' title='bbox 198 2675 422 2712; x_wconf 88' lang='lat' dir='ltr'>Dezemvirn</span> <span class='ocrx_word' id='word_1_326' title='bbox 459 2678 735 2719; x_wconf 68' lang='lat' dir='ltr'>voraussetmn,</span> <span class='ocrx_word' id='word_1_327' title='bbox 776 2675 851 2711; x_wconf 80' lang='lat' dir='ltr'>dass</span> 
     </span>
     <span class='ocr_line' id='line_1_52' title="bbox 103 2723 852 2769; baseline -0.001 -10"><span class='ocrx_word' id='word_1_328' title='bbox 103 2726 213 2760; x_wconf 75' lang='lat' dir='ltr'>unter</span> <span class='ocrx_word' id='word_1_329' title='bbox 243 2725 309 2760; x_wconf 85' lang='lat' dir='ltr'>der</span> <span class='ocrx_word' id='word_1_330' title='bbox 339 2723 481 2769; x_wconf 89' lang='lat' dir='ltr'>infolge</span> <span class='ocrx_word' id='word_1_331' title='bbox 515 2724 580 2759; x_wconf 85' lang='lat' dir='ltr'>des</span> <span class='ocrx_word' id='word_1_332' title='bbox 605 2723 852 2769; x_wconf 72' lang='lat' dir='ltr'>Kriegslarms</span> 
     </span>
     <span class='ocr_line' id='line_1_53' title="bbox 105 2771 851 2817; baseline 0.001 -11"><span class='ocrx_word' id='word_1_333' title='bbox 105 2772 139 2816; x_wconf 70' lang='grc' dir='ltr'>(ξ</span> <span class='ocrx_word' id='word_1_334' title='bbox 166 2773 201 2816; x_wconf 85' lang='grc'>4)</span> <span class='ocrx_word' id='word_1_335' title='bbox 238 2773 684 2816; x_wconf 72' lang='lat' dir='ltr'>zusammengestromten</span> <span class='ocrx_word' id='word_1_336' title='bbox 715 2771 851 2817; x_wconf 87' lang='lat' dir='ltr'>Menge</span> 
     </span>
    </p>
   </div>
   <div class='ocr_carea' id='block_1_10' title="bbox 104 2818 849 2902">
    <p class='ocr_par' dir='ltr' id='par_1_16' title="bbox 104 2818 849 2902">
     <span class='ocr_line' id='line_1_54' title="bbox 104 2818 849 2855; baseline 0.003 -3"><span class='ocrx_word' id='word_1_337' title='bbox 104 2818 185 2853; x_wconf 78' lang='lat' dir='ltr'>sich</span> <span class='ocrx_word' id='word_1_338' title='bbox 222 2820 319 2854; x_wconf 87' lang='lat' dir='ltr'>auch</span> <span class='ocrx_word' id='word_1_339' title='bbox 351 2819 434 2855; x_wconf 88' lang='lat' dir='ltr'>eine</span> <span class='ocrx_word' id='word_1_340' title='bbox 466 2819 613 2854; x_wconf 86' lang='lat' dir='ltr'>Anzahl</span> <span class='ocrx_word' id='word_1_341' title='bbox 645 2818 849 2855; x_wconf 86' lang='lat' dir='ltr'>Senatoren</span> 
     </span>
     <span class='ocr_line' id='line_1_55' title="bbox 104 2866 286 2902; baseline 0.011 -2"><span class='ocrx_word' id='word_1_342' title='bbox 104 2866 286 2902; x_wconf 88' lang='lat' dir='ltr'>befinden.</span> 
     </span>
    </p>
   </div>
   <div class='ocr_carea' id='block_1_11' title="bbox 175 2932 340 2960">
    <p class='ocr_par' dir='ltr' id='par_1_17' title="bbox 175 2932 340 2960">
     <span class='ocr_line' id='line_1_56' title="bbox 175 2932 340 2960; baseline 0.006 -4"><span class='ocrx_word' id='word_1_343' title='bbox 175 2932 243 2959; x_wconf 82' lang='lat' dir='ltr'>Liv.</span> <span class='ocrx_word' id='word_1_344' title='bbox 261 2933 295 2960; x_wconf 85' lang='lat' dir='ltr'>B.</span> <span class='ocrx_word' id='word_1_345' title='bbox 315 2934 340 2959; x_wconf 91' lang='lat'>3.</span> 
     </span>
    </p>
   </div>
   <div class='ocr_carea' id='block_1_12' title="bbox 921 1775 1674 2917">
    <p class='ocr_par' dir='ltr' id='par_1_18' title="bbox 923 1775 1673 1870">
     <span class='ocr_line' id='line_1_57' title="bbox 923 1775 1673 1822; baseline 0.004 -13"><span class='ocrx_word' id='word_1_346' title='bbox 923 1775 1014 1810; x_wconf 86' lang='lat' dir='ltr'>Hier</span> <span class='ocrx_word' id='word_1_347' title='bbox 1057 1776 1176 1820; x_wconf 72' lang='lat' dir='ltr'>hangt</span> <span class='ocrx_word' id='word_1_348' title='bbox 1214 1775 1336 1811; x_wconf 86' lang='lat' dir='ltr'>davon</span> <span class='ocrx_word' id='word_1_349' title='bbox 1374 1777 1434 1811; x_wconf 90' lang='lat' dir='ltr'>ein</span> <span class='ocrx_word' id='word_1_350' title='bbox 1473 1776 1673 1822; x_wconf 88' lang='lat' dir='ltr'>Fragesatz</span> 
     </span>
     <span class='ocr_line' id='line_1_58' title="bbox 923 1822 1668 1870; baseline 0.005 -14"><span class='ocrx_word' id='word_1_351' title='bbox 923 1823 982 1866; x_wconf 85' lang='lat' dir='ltr'>ab,</span> <span class='ocrx_word' id='word_1_352' title='bbox 1009 1822 1079 1857; x_wconf 84' lang='lat' dir='ltr'>wie</span> <span class='ocrx_word' id='word_1_353' title='bbox 1100 1823 1156 1857; x_wconf 90' lang='lat' dir='ltr'>oft</span> <span class='ocrx_word' id='word_1_354' title='bbox 1174 1834 1248 1858; x_wconf 84' lang='lat' dir='ltr'>von</span> <span class='ocrx_word' id='word_1_355' title='bbox 1266 1825 1399 1859; x_wconf 85' lang='lat' dir='ltr'>mirari</span> <span class='ocrx_word' id='word_1_356' title='bbox 1420 1824 1526 1869; x_wconf 83' lang='lat' dir='ltr'>(Kap.</span> <span class='ocrx_word' id='word_1_357' title='bbox 1549 1827 1605 1868; x_wconf 87' lang='lat'>35,</span> <span class='ocrx_word' id='word_1_358' title='bbox 1622 1828 1668 1870; x_wconf 88' lang='lat'>5).</span> 
     </span>
    </p>

    <p class='ocr_par' dir='ltr' id='par_1_19' title="bbox 923 1870 1672 1953">
     <span class='ocr_line' id='line_1_59' title="bbox 971 1870 1672 1917; baseline 0.004 -13"><span class='ocrx_word' id='word_1_359' title='bbox 971 1870 1167 1916; x_wconf 75' lang='lat' dir='ltr'>desuetam]</span> <span class='ocrx_word' id='word_1_360' title='bbox 1195 1870 1464 1907; x_wconf 85' lang='lat' dir='ltr'>dichterisches</span> <span class='ocrx_word' id='word_1_361' title='bbox 1487 1871 1603 1917; x_wconf 88' lang='lat' dir='ltr'>Wort,</span> <span class='ocrx_word' id='word_1_362' title='bbox 1628 1889 1672 1902; x_wconf 94' lang='lat'>=</span> 
     </span>
     <span class='ocr_line' id='line_1_60' title="bbox 923 1919 1125 1953; baseline 0 0"><span class='ocrx_word' id='word_1_363' title='bbox 923 1919 1125 1953; x_wconf 84' lang='lat' dir='ltr'>obsoletam.</span> 
     </span>
    </p>

    <p class='ocr_par' dir='ltr' id='par_1_20' title="bbox 921 1966 1673 2151">
     <span class='ocr_line' id='line_1_61' title="bbox 972 1966 1670 2012; baseline 0.004 -12"><span class='ocrx_word' id='word_1_364' title='bbox 972 1969 1002 2002; x_wconf 82' lang='lat'>9.</span> <span class='ocrx_word' id='word_1_365' title='bbox 1024 1966 1232 2012; x_wconf 76' lang='lat' dir='ltr'>quicquam]</span> <span class='ocrx_word' id='word_1_366' title='bbox 1246 1966 1426 2001; x_wconf 87' lang='lat' dir='ltr'>zuweilen</span> <span class='ocrx_word' id='word_1_367' title='bbox 1436 1967 1474 2002; x_wconf 88' lang='lat' dir='ltr'>in</span> <span class='ocrx_word' id='word_1_368' title='bbox 1483 1967 1670 2012; x_wconf 83' lang='lat' dir='ltr'>positiven</span> 
     </span>
     <span class='ocr_line' id='line_1_62' title="bbox 923 2012 1671 2060; baseline 0.005 -13"><span class='ocrx_word' id='word_1_369' title='bbox 923 2012 1077 2058; x_wconf 60' lang='lat' dir='ltr'>Stttzen,</span> <span class='ocrx_word' id='word_1_370' title='bbox 1111 2014 1223 2047; x_wconf 80' lang='lat' dir='ltr'>‘auch</span> <span class='ocrx_word' id='word_1_371' title='bbox 1256 2025 1325 2048; x_wconf 89' lang='lat' dir='ltr'>nur</span> <span class='ocrx_word' id='word_1_372' title='bbox 1355 2014 1489 2060; x_wconf 86' lang='lat' dir='ltr'>irgend</span> <span class='ocrx_word' id='word_1_373' title='bbox 1526 2016 1671 2052; x_wconf 82' lang='lat' dir='ltr'>etwas&#39;.</span> 
     </span>
     <span class='ocr_line' id='line_1_63' title="bbox 921 2060 1673 2108; baseline 0.005 -13"><span class='ocrx_word' id='word_1_374' title='bbox 921 2060 955 2105; x_wconf 85' lang='lat'>4,</span> <span class='ocrx_word' id='word_1_375' title='bbox 984 2065 1045 2105; x_wconf 86' lang='grc'>39,</span> <span class='ocrx_word' id='word_1_376' title='bbox 1085 2065 1105 2095; x_wconf 84' lang='grc'>5</span> <span class='ocrx_word' id='word_1_377' title='bbox 1144 2062 1231 2096; x_wconf 89' lang='lat' dir='ltr'>dum</span> <span class='ocrx_word' id='word_1_378' title='bbox 1260 2062 1454 2107; x_wconf 76' lang='lat' dir='ltr'>quicquam</span> <span class='ocrx_word' id='word_1_379' title='bbox 1485 2064 1673 2108; x_wconf 77' lang='lat' dir='ltr'>superfuit</span> 
     </span>
     <span class='ocr_line' id='line_1_64' title="bbox 921 2108 1329 2151; baseline 0 -8"><span class='ocrx_word' id='word_1_380' title='bbox 921 2109 1032 2151; x_wconf 82' lang='lat' dir='ltr'>Zucis‚·</span> <span class='ocrx_word' id='word_1_381' title='bbox 1059 2108 1092 2151; x_wconf 87' lang='lat'>1,</span> <span class='ocrx_word' id='word_1_382' title='bbox 1119 2112 1175 2151; x_wconf 85' lang='lat'>35,</span> <span class='ocrx_word' id='word_1_383' title='bbox 1204 2112 1224 2143; x_wconf 89' lang='lat'><strong>3</strong></span> <span class='ocrx_word' id='word_1_384' title='bbox 1261 2111 1329 2144; x_wconf 89' lang='lat' dir='ltr'>etc.</span> 
     </span>
    </p>

    <p class='ocr_par' dir='ltr' id='par_1_21' title="bbox 921 2156 1673 2335">
     <span class='ocr_line' id='line_1_65' title="bbox 970 2156 1673 2202; baseline 0.004 -11"><span class='ocrx_word' id='word_1_385' title='bbox 970 2157 1104 2191; x_wconf 83' lang='lat' dir='ltr'>liberae</span> <span class='ocrx_word' id='word_1_386' title='bbox 1128 2156 1302 2202; x_wconf 84' lang='lat' dir='ltr'>civitatis]</span> <span class='ocrx_word' id='word_1_387' title='bbox 1325 2156 1409 2202; x_wconf 87' lang='lat' dir='ltr'>Vgl.</span> <span class='ocrx_word' id='word_1_388' title='bbox 1425 2157 1487 2202; x_wconf 79' lang='lat'>23,</span> <span class='ocrx_word' id='word_1_389' title='bbox 1508 2162 1542 2202; x_wconf 93' lang='lat'>3,</span> <span class='ocrx_word' id='word_1_390' title='bbox 1563 2162 1584 2193; x_wconf 84' lang='lat'>5</span> <span class='ocrx_word' id='word_1_391' title='bbox 1605 2162 1673 2194; x_wconf 87' lang='lat' dir='ltr'>aut</span> 
     </span>
     <span class='ocr_line' id='line_1_66' title="bbox 921 2206 1672 2248; baseline 0.005 -10"><span class='ocrx_word' id='word_1_392' title='bbox 921 2215 986 2239; x_wconf 73' lang='lat' dir='ltr'>recc</span> <span class='ocrx_word' id='word_1_393' title='bbox 1007 2233 1014 2240; x_wconf 94' lang='lat'>.</span> <span class='ocrx_word' id='word_1_394' title='bbox 1037 2232 1044 2239; x_wconf 97' lang='lat'>.</span> <span class='ocrx_word' id='word_1_395' title='bbox 1067 2232 1073 2238; x_wconf 96' lang='lat'>.</span> <span class='ocrx_word' id='word_1_396' title='bbox 1096 2207 1178 2247; x_wconf 85' lang='lat' dir='ltr'>aut,</span> <span class='ocrx_word' id='word_1_397' title='bbox 1203 2206 1300 2248; x_wconf 76' lang='lat' dir='ltr'>quod</span> <span class='ocrx_word' id='word_1_398' title='bbox 1324 2216 1441 2240; x_wconf 80' lang='lat' dir='ltr'>wnum</span> <span class='ocrx_word' id='word_1_399' title='bbox 1466 2207 1601 2242; x_wconf 80' lang='lat' dir='ltr'>liberae</span> <span class='ocrx_word' id='word_1_400' title='bbox 1621 2208 1672 2241; x_wconf 87' lang='lat' dir='ltr'>ci-</span> 
     </span>
     <span class='ocr_line' id='line_1_67' title="bbox 921 2252 1670 2296; baseline 0.007 -11"><span class='ocrx_word' id='word_1_401' title='bbox 921 2252 1047 2286; x_wconf 81' lang='lat' dir='ltr'>vitatis</span> <span class='ocrx_word' id='word_1_402' title='bbox 1083 2252 1275 2287; x_wconf 83' lang='lat' dir='ltr'>consilium</span> <span class='ocrx_word' id='word_1_403' title='bbox 1312 2256 1382 2296; x_wconf 87' lang='lat' dir='ltr'>est,</span> <span class='ocrx_word' id='word_1_404' title='bbox 1420 2257 1567 2289; x_wconf 86' lang='lat' dir='ltr'>senatus</span> <span class='ocrx_word' id='word_1_405' title='bbox 1605 2255 1670 2289; x_wconf 83' lang='lat' dir='ltr'>ha-</span> 
     </span>
     <span class='ocr_line' id='line_1_68' title="bbox 923 2300 1146 2335; baseline 0.004 -1"><span class='ocrx_word' id='word_1_406' title='bbox 923 2300 1060 2334; x_wconf 88' lang='lat' dir='ltr'>bendus</span> <span class='ocrx_word' id='word_1_407' title='bbox 1085 2303 1146 2335; x_wconf 90' lang='lat' dir='ltr'>est.</span> 
     </span>
    </p>

    <p class='ocr_par' dir='ltr' id='par_1_22' title="bbox 922 2348 1669 2430">
     <span class='ocr_line' id='line_1_69' title="bbox 970 2348 1669 2394; baseline 0.003 -13"><span class='ocrx_word' id='word_1_408' title='bbox 970 2348 1290 2394; x_wconf 75' lang='lat' dir='ltr'>circumspectare]</span> <span class='ocrx_word' id='word_1_409' title='bbox 1347 2348 1521 2394; x_wconf 86' lang='lat' dir='ltr'>Subjekt:</span> <span class='ocrx_word' id='word_1_410' title='bbox 1571 2360 1669 2392; x_wconf 86' lang='lat' dir='ltr'>man,</span> 
     </span>
     <span class='ocr_line' id='line_1_70' title="bbox 922 2394 1272 2430; baseline 0.003 -2"><span class='ocrx_word' id='word_1_411' title='bbox 922 2395 1033 2429; x_wconf 74' lang='lat' dir='ltr'>naml.</span> <span class='ocrx_word' id='word_1_412' title='bbox 1062 2394 1122 2429; x_wconf 90' lang='lat' dir='ltr'>die</span> <span class='ocrx_word' id='word_1_413' title='bbox 1147 2394 1272 2430; x_wconf 89' lang='lat' dir='ltr'>Plebs.</span> 
     </span>
    </p>

    <p class='ocr_par' dir='ltr' id='par_1_23' title="bbox 923 2443 1674 2617">
     <span class='ocr_line' id='line_1_71' title="bbox 969 2443 1671 2488; baseline 0.003 -12"><span class='ocrx_word' id='word_1_414' title='bbox 969 2443 1185 2488; x_wconf 74' lang='lat' dir='ltr'>senatorem]</span> <span class='ocrx_word' id='word_1_415' title='bbox 1215 2443 1283 2477; x_wconf 90' lang='lat' dir='ltr'>Die</span> <span class='ocrx_word' id='word_1_416' title='bbox 1310 2443 1570 2479; x_wconf 85' lang='lat' dir='ltr'>Deutlichkeit</span> <span class='ocrx_word' id='word_1_417' title='bbox 1595 2444 1671 2478; x_wconf 86' lang='lat' dir='ltr'>und</span> 
     </span>
     <span class='ocr_line' id='line_1_72' title="bbox 924 2488 1671 2536; baseline 0.004 -13"><span class='ocrx_word' id='word_1_418' title='bbox 924 2488 988 2523; x_wconf 87' lang='lat' dir='ltr'>der</span> <span class='ocrx_word' id='word_1_419' title='bbox 1022 2488 1112 2523; x_wconf 86' lang='lat' dir='ltr'>Sinn</span> <span class='ocrx_word' id='word_1_420' title='bbox 1150 2489 1340 2525; x_wconf 82' lang='lat' dir='ltr'>erfordern</span> <span class='ocrx_word' id='word_1_421' title='bbox 1372 2492 1443 2525; x_wconf 84' lang='lat' dir='ltr'>den</span> <span class='ocrx_word' id='word_1_422' title='bbox 1478 2490 1671 2536; x_wconf 85' lang='lat' dir='ltr'>Singular:</span> 
     </span>
     <span class='ocr_line' id='line_1_73' title="bbox 923 2536 1674 2617; baseline 0.005 -47"><span class='ocrx_word' id='word_1_423' title='bbox 923 2536 1068 2617; x_wconf 51' lang='lat' dir='ltr'>{Sibegall</span> <span class='ocrx_word' id='word_1_424' title='bbox 1083 2536 1150 2589; x_wconf 76' lang='lat' dir='ltr'>sah</span> <span class='ocrx_word' id='word_1_425' title='bbox 1171 2548 1258 2572; x_wconf 89' lang='lat' dir='ltr'>man</span> <span class='ocrx_word' id='word_1_426' title='bbox 1276 2538 1383 2581; x_wconf 89' lang='lat' dir='ltr'>nach,</span> <span class='ocrx_word' id='word_1_427' title='bbox 1405 2539 1453 2573; x_wconf 92' lang='lat' dir='ltr'>ob</span> <span class='ocrx_word' id='word_1_428' title='bbox 1472 2539 1577 2574; x_wconf 84' lang='lat' dir='ltr'>nicht</span> <span class='ocrx_word' id='word_1_429' title='bbox 1598 2538 1674 2574; x_wconf 88' lang='lat' dir='ltr'>ein</span> 
     </span>
    </p>

    <p class='ocr_par' dir='ltr' id='par_1_24' title="bbox 956 2593 1128 2618">
     <span class='ocr_line' id='line_1_74' title="bbox 956 2593 1128 2618; baseline 0.012 -2"><span class='ocrx_word' id='word_1_430' title='bbox 956 2610 962 2616; x_wconf 94' lang='lat'>.</span> <span class='ocrx_word' id='word_1_431' title='bbox 1016 2594 1038 2618; x_wconf 90' lang='lat' dir='ltr'>a</span> <span class='ocrx_word' id='word_1_432' title='bbox 1064 2593 1128 2618; x_wconf 82' lang='lat' dir='ltr'>Sel.</span> 
     </span>
    </p>

    <p class='ocr_par' dir='ltr' id='par_1_25' title="bbox 924 2631 1669 2722">
     <span class='ocr_line' id='line_1_75' title="bbox 974 2631 1669 2676; baseline 0.004 -11"><span class='ocrx_word' id='word_1_433' title='bbox 974 2634 1027 2666; x_wconf 91' lang='grc'>10.</span> <span class='ocrx_word' id='word_1_434' title='bbox 1062 2631 1250 2676; x_wconf 85' lang='lat' dir='ltr'>consensu]</span> <span class='ocrx_word' id='word_1_435' title='bbox 1287 2644 1331 2666; x_wconf 89' lang='lat' dir='ltr'>zu</span> <span class='ocrx_word' id='word_1_436' title='bbox 1356 2632 1563 2668; x_wconf 88' lang='lat' dir='ltr'>verbinden</span> <span class='ocrx_word' id='word_1_437' title='bbox 1597 2633 1669 2668; x_wconf 87' lang='lat' dir='ltr'>mit</span> 
     </span>
     <span class='ocr_line' id='line_1_76' title="bbox 924 2678 1262 2722; baseline 0.006 -10"><span class='ocrx_word' id='word_1_438' title='bbox 924 2678 1262 2722; x_wconf 82' lang='lat' dir='ltr'>interpretarentur.</span> 
     </span>
    </p>

    <p class='ocr_par' dir='ltr' id='par_1_26' title="bbox 971 2725 1611 2771">
     <span class='ocr_line' id='line_1_77' title="bbox 971 2725 1611 2771; baseline 0.006 -12"><span class='ocrx_word' id='word_1_439' title='bbox 971 2725 1149 2771; x_wconf 87' lang='lat' dir='ltr'>invisum]</span> <span class='ocrx_word' id='word_1_440' title='bbox 1176 2737 1250 2771; x_wconf 85' lang='lat' dir='ltr'>erg.</span> <span class='ocrx_word' id='word_1_441' title='bbox 1276 2727 1507 2763; x_wconf 87' lang='lat' dir='ltr'>senatoribus</span> <span class='ocrx_word' id='word_1_442' title='bbox 1531 2739 1611 2763; x_wconf 86' lang='lat' dir='ltr'>esse.</span> 
     </span>
    </p>

    <p class='ocr_par' dir='ltr' id='par_1_27' title="bbox 924 2773 1672 2917">
     <span class='ocr_line' id='line_1_78' title="bbox 973 2773 1672 2819; baseline 0.006 -12"><span class='ocrx_word' id='word_1_443' title='bbox 973 2773 1099 2819; x_wconf 84' lang='lat' dir='ltr'>caput]</span> <span class='ocrx_word' id='word_1_444' title='bbox 1134 2784 1172 2807; x_wconf 86' lang='lat' dir='ltr'>es</span> <span class='ocrx_word' id='word_1_445' title='bbox 1203 2774 1305 2818; x_wconf 88' lang='lat' dir='ltr'>zeige</span> <span class='ocrx_word' id='word_1_446' title='bbox 1337 2774 1415 2809; x_wconf 82' lang='lat' dir='ltr'>sich</span> <span class='ocrx_word' id='word_1_447' title='bbox 1441 2774 1503 2810; x_wconf 85' lang='lat' dir='ltr'>ein</span> <span class='ocrx_word' id='word_1_448' title='bbox 1527 2776 1672 2811; x_wconf 87' lang='lat' dir='ltr'>Mittel-</span> 
     </span>
     <span class='ocr_line' id='line_1_79' title="bbox 924 2819 1671 2866; baseline 0.008 -13"><span class='ocrx_word' id='word_1_449' title='bbox 924 2819 1045 2865; x_wconf 86' lang='lat' dir='ltr'>punkt</span> <span class='ocrx_word' id='word_1_450' title='bbox 1070 2820 1298 2866; x_wconf 83' lang='lat' dir='ltr'>derjenigen,</span> <span class='ocrx_word' id='word_1_451' title='bbox 1325 2822 1467 2857; x_wconf 85' lang='lat' dir='ltr'>welche</span> <span class='ocrx_word' id='word_1_452' title='bbox 1488 2823 1548 2858; x_wconf 90' lang='lat' dir='ltr'>die</span> <span class='ocrx_word' id='word_1_453' title='bbox 1567 2823 1671 2859; x_wconf 83' lang='lat' dir='ltr'>Frei-</span> 
     </span>
     <span class='ocr_line' id='line_1_80' title="bbox 924 2866 1671 2917; baseline 0.007 -15"><span class='ocrx_word' id='word_1_454' title='bbox 924 2867 1004 2903; x_wconf 88' lang='lat' dir='ltr'>heit</span> <span class='ocrx_word' id='word_1_455' title='bbox 1022 2866 1161 2902; x_wconf 87' lang='lat' dir='ltr'>wieder</span> <span class='ocrx_word' id='word_1_456' title='bbox 1180 2868 1359 2915; x_wconf 84' lang='lat' dir='ltr'>erlangen</span> <span class='ocrx_word' id='word_1_457' title='bbox 1376 2869 1542 2917; x_wconf 88' lang='lat' dir='ltr'>wollten,</span> <span class='ocrx_word' id='word_1_458' title='bbox 1563 2883 1671 2907; x_wconf 88' lang='lat' dir='ltr'>wenn</span> 
     </span>
    </p>
   </div>
   <div class='ocr_carea' id='block_1_13' title="bbox 1364 2933 1384 2963">
    <p class='ocr_par' dir='ltr' id='par_1_28' title="bbox 1364 2933 1384 2963">
     <span class='ocr_line' id='line_1_81' title="bbox 1364 2933 1384 2963; baseline 0 0"><span class='ocrx_word' id='word_1_459' title='bbox 1364 2933 1384 2963; x_wconf 87' lang='lat'>5</span> 
     </span>
    </p>
   </div>
  </div>
 </body>
</html>
