1799 3105
24 183 50 203 a,
62 176 130 202 Chr.
141 183 169 201 n.
179 176 318 201 4214‘26.

541 160 686 195 LIBER
713 160 774 195 IV.
821 159 921 194 CAP.
948 164 1004 194 31.
1032 164 1087 194 32.
1543 163 1596 204 57

32 274 99 313 est
139 271 297 326 dictus3
336 271 460 325 adeo,
500 270 628 312 simul
668 270 842 312 fortuna
884 268 1075 311 civitatis
1114 267 1275 310 virtute
1314 283 1416 310 vera
1466 268 1598 323 eguit,

30 330 141 372 nihil
173 330 367 372 censoria
401 329 716 371 animadversio
749 327 907 384 effecit,
941 342 1023 382 quo
1057 327 1197 370 minus
1230 328 1423 384 regimen
1454 341 1597 369 rerum

31 405 82 432 ex
113 391 266 431 notata
297 389 472 445 indigne
507 389 633 431 domo
667 391 896 444 peteretur.
941 386 1166 442 Veientes,
1197 403 1242 428 re
1269 386 1454 428 secunda
1482 386 1599 441 elati,
1627 399 1650 429 6

28 449 174 490 missis
217 448 375 490 circum
420 448 620 490 Etruriae
662 447 846 503 populos
889 446 1048 501 legatis
1092 446 1292 488 iactando
1334 449 1423 487 tres
1473 445 1600 487 duces

29 507 248 550 Romanos
283 508 334 549 ab
369 522 413 549 se
446 522 531 549 uno
566 507 728 561 proelio
761 506 899 559 fusos,
932 521 1027 547 cum
1058 507 1205 547 tamen
1236 505 1404 547 nullam
1436 504 1601 560 publici

31 567 202 609 consilii
244 567 496 608 societatem
542 566 801 621 movissent,
832 565 1103 606 voluntarios
1149 565 1337 619 undique
1384 565 1436 606 ad
1481 578 1602 619 spem

30 626 215 682 praedae
249 626 534 668 adsciverunt.
574 625 650 666 uni
683 624 957 666 Fidenatium
989 624 1150 679 populo
1183 624 1393 666 rebellare
1419 623 1602 678 placuit,
1630 635 1649 666 7

31 690 75 728 et
107 688 329 741 tamquam
362 685 445 726 nisi
478 685 531 726 ab
577 685 735 726 scelere
780 683 943 725 bellum
989 682 1123 724 ordiri
1163 683 1283 725 nefas
1325 688 1457 738 esset,
1491 683 1602 724 sicut

34 745 278 801 legatorum
312 746 456 800 antea,
488 744 551 785 ita
582 747 675 785 tum
707 758 916 785 novorum
957 742 1206 784 colonorum
1252 743 1379 784 caede
1423 742 1602 798 imbutis

32 804 164 846 armis
197 803 453 846 Veientibus
493 818 586 845 sese
626 803 905 857 coniungunt.

967 802 1212 844 consultare
1252 801 1349 842 inde
1388 801 1603 856 principes
1630 813 1653 843 8

32 863 214 905 duorum
244 863 522 919 populorum,
554 862 687 905 Veios
728 877 784 904 an
821 861 1005 903 Fidenas
1052 861 1197 903 sedem
1240 861 1346 902 belli
1391 863 1604 915 caperent.

32 922 218 964 Fidenae
258 922 377 964 visae
417 922 767 977 opportuniores3
804 922 952 976 itaque
996 921 1177 962 traiecto
1222 919 1367 961 Tiberi
1398 919 1603 961 Veientes

33 981 218 1024 Fidenas
251 982 571 1023 transtulerunt
601 982 779 1023 bellum.

155 1041 320 1083 Romae
353 1044 492 1083 terror
523 1041 676 1097 ingens
711 1044 814 1082 erat.

879 1039 1016 1081 accito
1050 1039 1242 1081 exercitu
1274 1053 1299 1080 a
1331 1037 1435 1080 Veis
1469 1051 1603 1093 eoque
1631 1050 1651 1080 9

33 1100 128 1155 ipso
163 1100 215 1142 ab
248 1115 293 1143 re
327 1101 440 1142 male
474 1104 600 1155 gesta
637 1100 835 1156 perculso
877 1101 1020 1141 castra
1058 1099 1258 1140 locantur
1297 1099 1396 1139 ante
1433 1100 1605 1152 portam

34 1159 269 1214 Collinam,
302 1163 345 1202 et
377 1160 423 1201 in
455 1160 590 1202 muris
637 1159 795 1201 armati
834 1158 1055 1214 dispositi,
1103 1161 1146 1200 et
1183 1157 1401 1199 iustitium
1432 1157 1478 1198 in
1508 1156 1602 1197 foro

32 1219 323 1274 tabernaeque
357 1219 547 1275 clausae,
578 1220 772 1274 fiuntque
806 1219 950 1260 omnia
991 1217 1143 1259 castris
1185 1232 1314 1272 quam
1353 1215 1450 1257 urbi
1489 1215 1605 1257 simi-

33 1278 164 1333 liora,
197 1293 291 1320 cum
324 1279 539 1333 trepidam
573 1279 793 1320 civitatem
825 1277 1109 1333 praeconibus
1147 1292 1224 1332 per
1254 1277 1372 1318 vicos
1413 1274 1602 1316 dimissis
1619 1277 1677 1318 32

34 1338 220 1380 dictator
253 1338 306 1379 ad
340 1338 586 1381 contionem
621 1338 873 1380 advocatam
918 1336 1148 1391 increpuit,
1182 1336 1295 1391 quod
1340 1335 1507 1377 animos
1555 1348 1604 1376 ex
1632 1344 1651 1374 2

32 1400 125 1439 tam
157 1397 323 1439 levibus
355 1397 587 1440 momentis
620 1397 820 1439 fortunae
855 1410 1087 1451 suspensos
1128 1397 1347 1450 gererent,
1384 1397 1433 1436 ut
1472 1408 1607 1449 parva

32 1457 198 1498 iactura
231 1460 425 1512 accepta,
459 1472 568 1512 quae
606 1457 701 1512 ipsa
745 1470 832 1498 non
865 1456 1026 1496 virtute
1071 1455 1262 1496 hostium
1307 1468 1385 1495 nec
1429 1452 1606 1508 ignavia

30 1515 217 1557 Romani
251 1516 482 1571 exercitus,
516 1516 589 1557 sed
623 1515 837 1557 discordia
862 1515 1174 1570 imperatorum
1203 1516 1379 1568 accepta
1406 1513 1481 1567 sit,
1521 1511 1604 1553 Ve-

31 1575 192 1617 ientem
224 1575 396 1617 hostem
427 1576 588 1618 totiens
622 1576 783 1617 victum
821 1574 1131 1629 pertimescant
1169 1572 1440 1627 Fidenasque
1475 1586 1607 1628 prope

33 1635 205 1690 saepius
258 1638 406 1690 captas
459 1650 588 1690 quam
640 1637 933 1690 oppugnatas:

31 1694 179 1735 hostes
214 1708 327 1749 esse,
360 1694 433 1749 qui
465 1709 541 1749 per
572 1696 640 1735 tot
673 1693 843 1736 saecula
875 1692 1053 1746 fuerint,
1087 1692 1259 1734 eosdem
1293 1691 1483 1745 animos,
1516 1704 1606 1731 eas-

34 1753 131 1794 dem
164 1753 356 1807 corporis
388 1753 521 1809 vires,
561 1753 708 1795 eadem
749 1767 868 1794 arma
907 1765 1073 1806 gerere,
1118 1765 1162 1792 se
1208 1764 1377 1805 quoque
1423 1749 1606 1791 eundem

34 1812 290 1854 dictatorem
325 1811 453 1854 Mam.
474 1812 710 1854 Aemilium
745 1826 856 1866 esse,
889 1811 962 1866 qui
995 1814 1121 1852 antea
1141 1809 1392 1852 Veientium
1426 1808 1607 1851 Fidena-

32 1871 228 1926 tiumque
261 1871 475 1913 adiunctis
508 1871 688 1913 Faliscis
722 1871 775 1912 ad
807 1870 1074 1913 Nomentum
1108 1869 1319 1911 exercitus
1352 1868 1531 1922 fuderit,
1565 1870 1606 1909 et
1633 1879 1657 1908 4

33 1930 292 1986 magistrum
338 1931 532 1986 equitum
565 1931 616 1972 A.
651 1929 899 1972 Cornelium
945 1929 1126 1970 eundem
1168 1928 1213 1969 in
1258 1928 1347 1969 acie
1392 1928 1502 1981 fore,
1536 1927 1608 1982 qui

32 1990 175 2045 priore
221 1989 334 2031 bello
380 1990 580 2032 tribunus
626 1990 815 2031 militum
859 1988 990 2030 Larte
1029 1987 1279 2043 Tolumnio,
1322 2001 1421 2043 rege
1454 1986 1609 2028 Veien-

32 2049 161 2104 tium,
200 2049 245 2090 in
283 2053 517 2104 conspectu
559 2049 740 2091 duorum
783 2048 1048 2090 exercituum
1093 2047 1232 2089 occiso
1280 2047 1420 2102 spolia
1467 2045 1610 2100 opima

81 2199 150 2234 quo
175 2190 312 2235 minus]
341 2189 426 2224 weil
457 2191 551 2225 nihil
577 2218 583 2225 .
671 2189 783 2233 effecit

34 2235 169 2281 (hatte
189 2236 294 2271 nicht
320 2236 380 2272 die
401 2237 525 2280 Kraft,
553 2236 627 2272 dass
646 2236 783 2281 nicht')

32 2283 115 2319 hier
140 2283 479 2329 gleichbedeutend
510 2284 561 2319 ist
591 2285 660 2320 mit
690 2285 785 2320 nihil

122 2332 318 2376 impedivit.

83 2383 114 2414 6.
153 2379 288 2424 tamen]
329 2377 538 2424 Gegensatz
577 2391 619 2413 zu
665 2380 785 2415 missis

119 2427 255 2472 leyatis.

76 2474 220 2519 publici
246 2473 404 2519 consilii]
437 2470 513 2508 ‘des
546 2473 786 2509 offentlichen

34 2521 172 2564 Rates',
183 2521 247 2554 des
259 2520 787 2566 BundestagesbeimTempel

36 2569 102 2604 der
115 2567 318 2602 Voltumna
339 2567 446 2613 (Kap.
463 2572 518 2610 23,
535 2572 554 2603 5
575 2568 651 2602 und
667 2573 722 2611 25,
739 2571 785 2613 7).

85 2620 115 2650 7.
142 2626 316 2651 novorum
336 2615 557 2660 colonorum]
574 2615 666 2660 Kap.
683 2620 738 2658 30,
755 2619 786 2651 6.

85 2667 116 2698 8.
130 2663 279 2698 traiecto
293 2663 428 2707 Tiberi]
442 2662 510 2696 Die
519 2662 697 2707 Vejenter
709 2663 786 2696 ent-

36 2710 167 2745 fernen
181 2709 261 2745 sich
276 2720 349 2745 von
364 2709 465 2744 ihrer
475 2709 592 2754 Stadt,
611 2709 786 2754 obgleich

37 2758 103 2793 das
140 2757 390 2803 geschlagene
426 2757 524 2791 Heer
561 2756 626 2790 der
651 2756 787 2791 Romer

36 2805 134 2840 noch
160 2805 199 2839 in
226 2805 290 2839 der
317 2804 422 2839 N'ahe
451 2803 645 2839 derselben
673 2804 783 2839 steht.

86 2857 116 2887 9.
149 2853 210 2898 ab]
250 2852 312 2886 bei
346 2851 473 2886 Livius
511 2852 565 2886 oft
603 2851 662 2885 die
696 2851 785 2884 Ver-

39 2900 241 2945 anlassung
256 2900 343 2943 (den
357 2899 499 2945 Grund)
520 2898 784 2933 bezeichnend.

36 2946 130 2992 Kap.
158 2950 212 2991 32,
244 2951 303 2990 103
330 2952 386 2990 41,
416 2951 468 2983 10.

857 2188 1100 2270 2Giujsgitinm]
1129 2187 1207 2222 scil.
1227 2187 1303 2231 fuit
1330 2187 1500 2231 (edicitur
1519 2186 1609 2231 Kap.

904 2265 968 2330 32.
987 2238 1026 2328 >a
1056 2294 1254 2340 momentis]
1285 2293 1609 2338 Schwankungen.

905 2365 1094 2400 suspensos
1111 2354 1286 2400 gererent]
1308 2352 1512 2397 ‘abhangig
1531 2352 1610 2386 sein

858 2401 1006 2437 liessen'.
1056 2402 1151 2436 Vom
1187 2401 1294 2445 Konj.
1333 2399 1482 2444 Imperf.
1519 2399 1611 2443 geht

860 2449 919 2484 die
949 2449 1163 2483 astektvolle
1201 2447 1328 2483 Oratio
1365 2447 1518 2490 obliqua
1552 2446 1609 2480 ins

860 2496 1018 2531 Prasens
1047 2497 1328 2541 (pertimescant)
1355 2495 1457 2529 tiber.

908 2556 1052 2600 totiens]
1082 2554 1250 2588 zweimal
1271 2558 1337 2588 437
1353 2565 1386 2587 v.
1403 2552 1486 2588 Chr.
1502 2553 1608 2598 (Kap.

863 2607 917 2644 17,
946 2606 965 2637 8
992 2602 1068 2636 und
1089 2606 1143 2644 20,
1168 2603 1213 2645 1),
1242 2601 1379 2635 einmal
1404 2604 1471 2635 435
1500 2600 1609 2644 (Ka-p,

862 2654 916 2693 22,
945 2653 997 2694 2),
1030 2649 1230 2683 mehrmals
1262 2648 1301 2682 in
1326 2648 1494 2682 friiherer
1520 2647 1609 2682 Zeit.

910 2713 941 2743 3.
968 2709 1016 2743 acl
1041 2707 1277 2752 Nomentum]
1306 2706 1399 2741 Dort
1424 2707 1528 2740 hatte
1541 2710 1611 2741 435

860 2768 894 2791 v,
931 2755 1013 2790 Chr.
1052 2755 1117 2789 der
1153 2754 1330 2788 Diktator
1362 2753 1402 2795 Q.
1432 2753 1610 2788 Servilius

861 2803 920 2837 die
948 2802 1124 2847 Vejenter
1159 2801 1402 2846 geschlagen,
1441 2801 1612 2846 dagegen

860 2850 970 2885 Mam.
987 2848 1167 2883 Aemilius
1182 2853 1249 2883 437
1272 2848 1457 2883 zwischen
1470 2848 1612 2884 Fiden'a

862 2897 1037 2979 u181d3der
1071 2896 1266 2941 Mfindung
1292 2896 1355 2930 des
1381 2895 1476 2931 Anio
1504 2896 1610 2942 (Kap.

864 2952 879 2979 1
911 2974 917 2988 ,

989 1633 1160 1675 eosdem
1211 1635 1253 1673 et
1296 1632 1515 1673 Romanos
1566 1633 1609 1671 et
1640 1642 1662 1672 3
1704 1689 1708 1692 ὓ
