1799 3105
120 88 189 114 chr.
208 96 236 114 n.
256 88 318 113 449.
605 78 749 114 LIBER
773 79 835 114 111.
885 78 986 115 cAP.
1015 83 1070 115 57.
1579 81 1634 123 95

192 187 354 230 Contra
387 202 437 229 ea
461 186 697 244 Verginius
723 202 856 229 unum
883 190 962 243 Ap.
983 186 1210 229 Claudium
1238 190 1280 229 et
1311 188 1456 242 legum
1490 203 1634 242 exper-
1649 191 1703 232 57

72 251 160 290 tem
205 250 249 288 et
293 247 433 289 civilis
479 250 521 288 et
568 247 745 288 humani
788 247 972 288 foederis
1018 262 1111 289 esse
1156 246 1310 288 aiebat.
1371 247 1635 301 respicerent
1660 261 1680 291 2

71 306 265 348 tribunal
297 305 514 360 homines,
552 307 779 347 castellum
818 306 1008 347 omnium
1048 306 1275 360 scelerum,
1313 306 1386 347 ubi
1424 307 1636 348 decemvir

70 366 144 407 ille
180 368 416 420 perpetuus
453 365 599 419 bonis,
631 369 773 420 tergo,
812 366 1012 420 sanguini
1053 365 1209 407 civium
1249 365 1452 419 infestus,
1490 366 1634 422 virgas

74 439 328 480 securesque
356 424 554 466 omnibus
581 424 797 477 minitans,
822 424 996 465 deorum
1024 424 1329 491 hominumque
1350 428 1636 480 contemptor,

72 483 357 537 carnificibus,
384 497 472 524 non
504 482 730 524 lictoribus
763 483 961 548 stipatus²
990 483 1076 523 iam
1105 484 1158 524 ab
1186 484 1348 549 rapinis
1371 487 1413 525 et
1433 484 1634 525 caedibus
1661 496 1682 527 3

74 543 217 584 animo
251 543 303 583 ad
335 542 558 583 libidinem
589 556 714 583 verso
745 541 956 596 virginem
983 542 1215 596 ingenuam
1241 543 1287 583 in
1320 543 1454 584 oculis
1486 543 1636 598 populi

71 601 259 643 Romani
272 602 390 643 velut
405 601 517 642 bello
538 603 707 654 captam
723 601 777 641 ab
799 600 1024 655 complexu
1039 601 1173 654 patris
1189 601 1415 656 abreptam
1436 603 1635 644 ministro

72 660 258 702 cubiculi
277 661 343 701 sui
368 660 514 701 clienti
535 659 648 701 dono
672 659 852 714 dederit3
880 660 953 700 ubi
979 659 1140 701 crudeli
1161 660 1330 702 decreto
1352 661 1634 716 nefandisque
1661 673 1683 704 4

72 719 268 761 vindiciis
295 719 487 760 dextram
507 719 645 773 patris
671 718 714 759 in
736 718 870 760 filiam
892 719 1141 774 armaverit3
1170 719 1243 760 ubi
1263 720 1458 761 tollentis
1479 735 1634 775 corpus

72 765 323 819 semianime
351 778 529 832 virginis
557 792 762 831 sponsum
791 792 1001 832 avumque
1026 778 1071 819 in
1098 792 1313 819 carcerem
1334 779 1429 820 duci
1450 779 1636 834 iusserit,

72 839 221 891 stupro
252 837 528 891 interpellato
561 837 701 890 magis
734 851 863 891 quam
897 837 1023 878 caede
1056 841 1212 879 motus.
1256 840 1299 878 et
1326 838 1390 878 illi
1423 852 1636 879 carcerem

70 895 341 937 aedificatum
373 910 484 949 esse,
523 896 634 950 quod
672 895 932 937 domicilium
965 896 1104 950 plebis
1137 895 1360 938 Romanae
1392 911 1546 938 vocare
1579 898 1637 938 sit

69 955 233 996 solitus.
272 955 450 1010 proinde
478 958 525 995 ut
555 954 628 996 ille
654 955 808 996 iterum
833 970 882 997 ac
903 956 1072 1009 saepius
1095 959 1309 1009 provocet,
1331 956 1390 997 sic
1412 970 1458 997 se
1478 957 1634 998 iterum
1661 969 1681 999 5

69 1028 118 1056 ac
151 1013 321 1068 saepius
353 1013 537 1056 iudicem
569 1014 633 1055 illi
664 1014 793 1068 ferre,
826 1015 870 1055 ni
903 1015 1113 1056 vindicias
1147 1015 1200 1055 ab
1234 1014 1434 1057 libertate
1471 1016 1516 1056 in
1549 1030 1636 1057 ser—

67 1072 250 1114 vitutem
283 1072 462 1126 dederit3
495 1073 532 1113 si
564 1074 617 1114 ad
642 1073 824 1114 iudicem
851 1088 939 1115 non
972 1077 1061 1126 eat,
1085 1088 1164 1127 pro
1192 1073 1394 1115 damnato
1423 1074 1469 1115 in
1496 1075 1637 1116 vincla

69 1131 165 1173 duci
196 1132 355 1174 iubere.
412 1135 460 1173 ut
491 1132 605 1173 haud
645 1147 859 1187 quoquam
893 1133 1184 1187 improbante,
1224 1133 1285 1174 sic
1324 1147 1480 1188 magno
1513 1137 1634 1175 motu
1662 1146 1682 1177 6

69 1191 331 1244 animorum,
370 1205 465 1232 cum
503 1191 616 1232 tanti
655 1192 736 1232 viri
779 1192 990 1245 supplicio
1029 1196 1199 1233 suamet
1230 1192 1345 1245 plebi
1383 1193 1468 1233 iam
1501 1193 1645 1234 nimia?

68 1249 251 1291 libertas
286 1250 518 1304 videretur,
550 1251 594 1291 in
627 1264 841 1292 carcerem
869 1254 935 1292 est
961 1251 1190 1293 coniectus.
1234 1251 1432 1292 tribunus
1460 1252 1499 1293 ei
1526 1251 1637 1293 diem

67 1308 270 1364 prodixit.

186 1367 306 1409 Inter
343 1368 450 1409 haec
495 1368 548 1409 ab
585 1367 752 1410 Latinis
791 1370 834 1410 et
876 1367 1076 1410 Hernicis
1115 1368 1251 1423 legati
1283 1369 1552 1423 gratulatum
1585 1369 1635 1411 de
1663 1382 1682 1413 7

69 1427 299 1469 concordia
330 1430 502 1481 patrum
541 1441 590 1468 ac
629 1428 769 1481 plebis
807 1427 991 1469 Romam
1031 1430 1241 1469 venerunt
1294 1428 1535 1482 donumque
1581 1429 1635 1470 ob

69 1500 163 1527 eam
189 1485 282 1527 Iovi
309 1485 485 1541 Optimo
507 1486 696 1528 Maximo
727 1501 930 1528 coronam
961 1501 1133 1528 auream
1153 1487 1198 1528 in
1219 1485 1481 1541 Capitolium
1500 1488 1637 1529 tulere

68 1544 193 1599 parvi
223 1545 443 1600 ponderis,
483 1548 614 1600 prout
644 1560 711 1587 res
743 1545 858 1587 haud
891 1546 1119 1600 opulentae
1151 1549 1276 1587 erant
1301 1547 1636 1602 colebanturque

116 1707 233 1743 521.
261 1711 387 1743 contra
407 1708 464 1754 ea]
487 1709 581 1742 statt
599 1709 649 1743 ad
668 1720 710 1761 ea
724 1709 814 1743 oder

68 1755 162 1790 stati)
187 1753 252 1789 des
277 1753 446 1789 Adverbs
471 1759 617 1798 contra,
649 1754 720 1790 wie
754 1768 813 1790 zu-

68 1800 203 1836 weilen
230 1801 290 1836 bei
314 1802 441 1846 Nepos
466 1802 542 1836 und
568 1782 708 1837 Li'vius.

116 1850 235 1883 civilis
268 1853 300 1884 et
338 1850 492 1884 humani
522 1850 692 1895 foederis]
733 1849 814 1884 ‘des

68 1895 333 1941 biii-gerlichen
347 1896 423 1930 und
437 1896 716 1932 menschlichen
725 1896 814 1932 Ver-

68 1944 248 1987 bandes'3
282 1948 440 1978 ersterer
472 1943 566 1978 wird
603 1944 719 1978 durch
753 1943 813 1979 die

68 1990 242 2035 Gesetze‚
269 1991 444 2025 letzterer
463 1991 578 2025 durch
599 1991 664 2026 das
678 1991 813 2026 Natur-

66 2037 175 2072 recht
199 2039 378 2083 geregelt.

115 2089 146 2120 3.
199 2085 451 2131 carnificibus]
502 2084 571 2120 Die
625 2086 816 2130 carnifices

68 2142 194 2166 waren
228 2133 532 2176 Staatssklaven‚
566 2133 708 2168 welche
754 2133 815 2168 die

68 2178 370 2224 Hinrichtungen
414 2180 621 2225 vollzogen.
701 2180 816 2215 Nicht

66 2227 193 2261 besser
223 2238 348 2262 waren
385 2228 481 2261 nach
515 2226 716 2273 Verginius
754 2227 814 2262 die

67 2272 243 2308 Liktoren
270 2274 334 2308 des
360 2275 516 2318 Appius.

115 2321 283 2355 ministro
326 2321 488 2355 cubiculi
528 2321 603 2367 sui]
659 2322 815 2356 ‘seinem

70 2366 388 2410 Kammerdiener‚
415 2369 501 2402 dem
524 2368 727 2404 Vorsteher
747 2369 816 2404 sei-

69 2425 136 2449 nes
162 2414 355 2457 Haiems'3
382 2415 457 2459 vgl.
487 2415 576 2459 Kap.
604 2419 660 2458 44,
689 2420 720 2451 6.

11 2461 17 2468 ’
219 2472 347 2496 oneum
372 2473 548 2506 avumque
572 2463 614 2496 in
640 2473 817 2498 carcerem

70 2509 172 2555 duci]
174 2472 473 2554 sffibertreibung
493 2508 705 2554 gegem‘iber
723 2510 817 2554 Kap.

116 2607 245 2648 stupro
282 2602 527 2648 interpellato]
579 2602 719 2638 ‘durch
758 2603 816 2638 die

71 2649 235 2695 Storung
264 2651 383 2685 seiner
408 2649 602 2684 Wollust’.

120 2713 152 2744 5.
188 2711 344 2744 iudicem
362 2709 420 2743 illi
439 2709 551 2751 ferre,
575 2707 634 2753 ni]
661 2708 745 2753 Vgl.
772 2720 816 2743 zu

71 2760 134 2798 24,
163 2760 194 2790 5.
234 2756 432 2800 Verginius
465 2755 542 2790 will
577 2756 648 2789 mit
670 2754 815 2800 Appius

73 2803 153 2837 eine
193 2803 432 2838 Geldsumme
472 2805 608 2837 wetten
648 2808 723 2836 und
762 2803 814 2838 818

72 2849 266 2894 verlieren,
294 2862 401 2886 wenn
419 2850 525 2885 nicht
541 2849 684 2894 Appius
704 2851 814 2895 (nach

887 1709 970 1743 dem
1010 1708 1130 1744 Urteil
1167 1709 1268 1743 eines
1308 1708 1636 1753 Schiedsrichters)

887 1767 1007 1801 gegen
1028 1755 1088 1790 die
1110 1756 1276 1791 Freiheit
1295 1756 1536 1790 entechieden
1556 1758 1632 1793 hat.

933 1831 1002 1865 pro
1022 1820 1212 1866 damnato]
1234 1821 1303 1855 Die
1320 1821 1551 1867 Weigerung
1570 1823 1635 1858 des

885 1867 1040 1913 Appius,
1067 1867 1177 1902 einen
1204 1867 1501 1904 Schiedsrichter
1526 1881 1636 1905 anzu-

886 1917 1064 1959 nehmen‚
1102 1914 1279 1958 beweist‚
1324 1914 1399 1949 dass
1437 1927 1476 1951 er
1515 1918 1638 1952 selber

889 1963 1032 2007 glaubt‚
1059 1973 1098 1996 er
1114 1963 1241 1996 wiirde
1256 1973 1328 1997 von
1342 1963 1464 1998 einem
1483 1965 1635 2000 solchen

887 2010 1086 2045 verurteilt
1112 2010 1271 2044 werden.

937 2079 969 2109 6.
995 2073 1151 2120 suamet]
1177 2077 1247 2108 met
1270 2074 1387 2108 findet
1414 2075 1494 2110 sich
1515 2076 1636 2111 selten

888 2132 936 2155 an
961 2120 1070 2155 einen
1096 2121 1245 2156 Nomin.
1274 2121 1339 2156 des
1360 2121 1636 2158 Possessivums

887 2167 1066 2214 gehangt.

935 2229 968 2263 ei
993 2229 1086 2262 diem
1099 2227 1287 2274 prodixit]
1308 2227 1537 2263 ‘bestimmte
1557 2229 1635 2263 ihm

889 2275 996 2309 einen
1019 2276 1195 2309 weiteren
1216 2273 1482 2320 Gerichtstag'.
1501 2297 1541 2300 —
1564 2277 1635 2310 Am

892 2323 1014 2357 ersten
1041 2322 1302 2367 Gerichtstage
1336 2322 1424 2357 fand
1453 2321 1542 2357 bloss
1576 2324 1634 2357 die

888 2368 1171 2414 Anki'indigung
1209 2369 1275 2403 der
1312 2368 1485 2414 Anklage
1524 2372 1635 2412 statt3

891 2417 989 2450 dann
1016 2417 1141 2451 wurde
1167 2416 1332 2450 dieselbe
1351 2418 1447 2451 nach
1473 2418 1553 2451 dem
1576 2417 1636 2450 fiir

890 2462 1178 2508 Volksgerichte
1222 2462 1505 2508 regelmassigen
1545 2463 1636 2498 Ver-

889 2511 1019 2545 fahren
1046 2521 1094 2544 an
1126 2510 1206 2544 drei
1231 2509 1407 2545 weiteren
1434 2511 1634 2545 Terminen

889 2557 928 2591 in
955 2557 1164 2592 Kontionen
1192 2562 1440 2602 vorgetragen
1466 2558 1539 2592 und
1567 2569 1634 2592 1111-

888 2604 1073 2647 tersucht‚
1100 2604 1174 2638 und
1201 2616 1277 2638 nun
1303 2606 1378 2639 erst
1402 2604 1633 2639 formulierte

889 2651 955 2684 der
992 2651 1228 2695 anklagende
1267 2650 1468 2696 Magistrat
1506 2650 1636 2686 seinen

890 2697 1127 2742 Strafantrag
1138 2699 1211 2732 und
1228 2697 1393 2732 stimmte
1408 2698 1474 2732 das
1484 2699 1581 2733 Volk
1595 2699 1634 2733 in

888 2745 958 2779 den
985 2744 1364 2779 Centuriatkomitien
1391 2745 1550 2780 darfiber
1573 2747 1632 2781 ab.

937 2808 968 2840 7.
995 2805 1090 2839 inter
1114 2803 1215 2850 haec]
1238 2820 1282 2833 =
1302 2804 1458 2847 interea,
1489 2804 1545 2839 oft
1573 2805 1635 2840 bei

886 2851 1024 2886 Livius.
