1799 3105
41 1046 97 1088 26

105 49 163 88 44
624 49 767 85 LIBER
792 50 854 85 III.
892 50 994 85 CAP.
1022 55 1076 86 25.
1105 55 1160 86 26.

1472 68 1497 88 a.
1516 69 1545 88 u.
1565 70 1589 89 c.
1609 63 1672 91 296.

103 158 383 212 populatione
405 159 584 199 veniunt
602 157 803 211 plenique
825 158 1006 212 praedae
1027 159 1072 200 in
1089 158 1246 213 Algido
1269 162 1411 202 castra
1430 160 1587 204 locant.
1624 163 1671 204 in

104 231 155 258 ea
187 221 329 259 castra
368 216 414 265 Q.
448 216 625 269 Fabius,
674 215 717 257 Ρ.
751 215 1029 271 Volumnius,
1074 218 1126 259 A.
1167 217 1412 261 Postumius
1451 220 1583 275 legati
1615 221 1670 264 ab

102 276 242 318 Roma
274 278 481 317 venerunt
513 278 710 330 questum
742 276 924 317 iniurias
958 280 1000 318 et
1038 291 1088 318 ex
1120 276 1289 319 foedere
1320 292 1388 319 res
1426 280 1671 334 repetitum.

57 334 76 365 ⁷
103 350 175 377 eos
209 336 460 389 Aequorum
505 335 756 388 imperator,
804 349 911 390 quae
955 335 1160 377 mandata
1198 336 1388 378 habeant
1426 338 1479 380 ab
1519 341 1671 381 senatu

104 395 317 448 Romano,
361 394 413 434 ad
452 408 653 448 quereum
697 393 817 435 iubet
848 394 1006 448 dicere;
1052 409 1096 436 se
1135 395 1221 436 alia
1258 395 1432 437 interim
1463 399 1671 440 acturum.

106 469 296 509 quercus,
327 453 480 508 ingens
509 453 647 506 arbor,
674 454 892 507 praetorio
919 454 1186 506 imminebat,
1212 455 1331 496 cuius
1358 455 1512 497 umbra
1538 471 1672 511 opaca

56 511 76 543 8
105 513 225 555 sedes
255 516 357 554 erat.
404 515 495 554 tum
525 527 574 553 ex
601 513 756 566 legatis
782 527 894 554 unus
923 513 1073 554 abiens
1102 512 1159 554 ‘et
1177 513 1300 554 haec'
1320 514 1460 568 inquit
1486 514 1672 559 ‘saerata

105 587 288 628 quercus
321 575 364 613 et
390 571 595 626 quidquid
624 571 798 612 deorum
827 574 892 613 est
918 572 1097 614 audiant
1122 571 1272 613 foedus
1299 587 1323 614 a
1348 573 1471 615 vobis
1496 578 1671 629 ruptum
1702 566 1715 575 ⁴

101 632 348 686 nostrisque
376 634 419 672 et
443 645 555 672 nunc
583 631 784 685 querellis
811 631 954 672 adsint
980 635 1021 672 et
1053 645 1152 672 mox
1186 632 1335 686 armis,
1367 646 1463 674 cum
1493 633 1670 676 deorum

54 690 73 720 9
101 691 412 745 hominumque
445 690 572 731 simul
611 690 773 731 violata
809 690 902 731 iura
934 690 1238 745 exsequemur?

1288 690 1473 733 Romam
1499 695 1547 734 ut
1578 693 1671 734 red-

101 751 186 792 iere
219 750 372 805 legati,
405 752 576 790 senatus
610 749 737 790 iussit
770 749 953 790 alterum
987 750 1206 791 consulem
1237 753 1388 792 contra
1427 749 1670 794 Gracchum

100 810 146 851 in
197 809 404 864 Algidum
455 808 687 850 exercitum
744 808 914 862 ducere,

971 808 1097 850 alteri
1145 809 1469 863 populationem
1517 810 1670 852 finium

101 868 352 923 Aequorum
388 868 655 922 provinciam
694 867 824 909 dedit.
885 867 1051 909 tribuni
1090 882 1166 909 suo
1204 882 1323 910 more
1362 869 1568 923 impedire
1606 870 1670 912 di-

99 928 276 982 lectum,
309 930 351 968 et
382 928 565 969 forsitan
596 926 647 967 ad
680 926 880 968 ultimum
911 926 1214 981 impedissent,
1247 927 1320 968 sed
1358 941 1495 970 novus
1528 929 1669 972 subito

102 987 269 1028 additus
302 990 441 1028 terror
473 990 549 1028 est.

220 1045 299 1087 Vis
332 1045 587 1088 Sabinorum
620 1046 776 1100 ingens
808 1060 942 1101 prope
975 1046 1029 1087 ad
1061 1045 1231 1087 moenia
1263 1046 1381 1088 urbis
1410 1047 1570 1089 infesta
1593 1063 1670 1103 po-

99 1105 322 1159 pulatione
347 1106 482 1159 venit,
515 1105 676 1146 foedati
697 1105 802 1160 agri,
827 1108 967 1147 terror
986 1106 1168 1148 iniectus
1190 1106 1288 1147 urbi
1310 1108 1389 1149 est.
1425 1108 1518 1148 tum
1543 1108 1667 1162 plebs

97 1164 282 1220 benigne
316 1179 434 1206 arma
467 1164 597 1219 cepit,
629 1165 964 1206 reclamantibus
992 1165 1155 1206 frustra
1180 1165 1366 1206 tribunis
1403 1167 1550 1221 magni
1582 1167 1666 1209 duo

53 1234 72 1264 2
100 1224 309 1265 exercitus
344 1224 501 1277 scripti.
546 1224 729 1265 alterum
750 1222 936 1265 Nautius
963 1226 1113 1266 eontra
1133 1223 1319 1267 Sabinos
1347 1224 1467 1266 duxit
1498 1227 1668 1268 castris-

100 1297 181 1337 que
215 1283 267 1324 ad
298 1282 477 1324 Eretum
498 1283 651 1336 positis
677 1296 754 1337 per
774 1282 1064 1337 expeditiones
1089 1298 1264 1337 parvas,
1295 1284 1545 1340 plerumque
1570 1299 1668 1327 noc-

100 1342 240 1383 turnis
266 1342 596 1395 incursionibus,
629 1343 799 1383 tantam
826 1342 1073 1383 vastitatem
1093 1344 1138 1383 in
1162 1341 1323 1384 Sabino
1345 1357 1449 1398 agro
1471 1344 1667 1398 reddidit,

99 1404 148 1443 ut
169 1401 408 1455 comparati
414 1400 481 1461 -agl
503 1415 597 1442 eam
617 1414 752 1454 prope
771 1401 924 1442 intacti
944 1402 1058 1442 bello
1080 1402 1185 1443 fines
1200 1401 1386 1444 Romani
1411 1403 1667 1445 viderentur.

148 1556 179 1587 6.
207 1563 262 1587 res
281 1552 485 1597 repetitum]
508 1551 541 1586 d.
564 1552 599 1586 h.
620 1563 682 1585 um
698 1551 846 1596 Genug-

98 1600 245 1643 thuung
265 1612 308 1634 zu
327 1599 494 1642 fordern3
522 1598 583 1642 21,
606 1602 661 1642 10,
683 1603 702 1633 6
728 1609 784 1633 res
803 1610 847 1634 ex

97 1648 237 1690 foedere
269 1650 455 1691 repetunt:
487 1645 762 1691 entsprechend
791 1657 847 1681 res

97 1695 255 1736 reddere,
283 1693 563 1739 Genugthuung
588 1694 731 1729 leisten.

148 1746 178 1776 7.
206 1742 254 1776 ad
281 1741 466 1787 quereum]
493 1753 557 1775 um
577 1741 649 1776 den
668 1739 782 1776 Dativ
802 1753 846 1775 zu

100 1788 324 1823 vermeiden.

144 1847 180 1871 se
200 1864 206 1870 .
230 1864 236 1870 .
260 1864 267 1870 .
289 1836 474 1882 acturum]
509 1836 563 1870 ‘er
590 1835 686 1870 habe
708 1864 714 1870 .
736 1863 743 1870 .
767 1862 774 1868 .
802 1847 846 1870 zu

96 1882 294 1927 besorgen'
309 1911 318 1927 ,
345 1884 379 1919 d.
402 1883 437 1918 h.
465 1895 504 1918 er
529 1883 608 1917 will
636 1882 716 1917 sich
741 1882 847 1917 nicht

98 1930 156 1965 die
182 1929 294 1965 Mfihe
321 1931 491 1972 nehmen,
519 1929 571 1964 sie
598 1930 820 1965 anzuhoren.

144 1978 370 2023 imminebat]
409 1978 483 2012 Das
516 1977 626 2012 Wort
657 1978 748 2011 wird
785 1989 845 2012 zu-

96 2025 230 2059 weilen
257 2026 408 2060 absolut
434 2026 494 2070 (=
514 2025 553 2059 in
573 2023 632 2059 die
653 2025 761 2060 Hohe
785 2036 845 2059 ra-

98 2083 188 2116 gen,
221 2071 313 2116 Kap.
343 2076 374 2116 7,
401 2074 450 2117 2),
474 2072 641 2116 haufiger
666 2072 735 2106 mit
760 2072 844 2106 dem

96 2119 180 2153 Dat.
222 2120 286 2161 (=
309 2120 401 2153 fiber
439 2121 552 2153 etwas
584 2119 840 2163 hereinragen,

97 2165 212 2199 daran
239 2164 387 2210 stossen)
411 2166 628 2211 gebraucht.

144 2223 259 2257 opaca
293 2213 406 2258 sedes]
453 2213 512 2247 ein
548 2212 683 2247 kfihler
727 2212 842 2254 Platz,

95 2258 409 2295 Aufenthaltsort.
458 2260 555 2294 sedes
593 2257 703 2294 heisst
738 2259 845 2303 jeder

95 2306 171 2341 viel
196 2308 375 2342 besuchte
401 2306 479 2341 Ort.
512 2307 642 2341 umbra
666 2306 716 2341 ist
734 2306 841 2341 Nom.

96 2354 171 2388 und
197 2354 415 2389 bezeichnet
441 2354 514 2388 den
538 2364 612 2388 von
638 2354 703 2388 der
727 2352 843 2388 Eiche

96 2401 354 2436 beschatteten
383 2401 520 2436 Boden.

146 2452 178 2483 8.
206 2450 384 2493 quidquid
409 2450 556 2484 deorum
582 2448 648 2493 est]
676 2447 760 2492 Vgl.
784 2447 844 2491 23,

97 2499 130 2539 9,
157 2500 177 2530 3
204 2497 369 2531 iurantes
394 2507 464 2540 per
487 2496 669 2541 quidquid
697 2496 845 2530 deorum

98 2546 169 2584 est,·
188 2543 275 2579 Hor.
298 2543 415 2588 Epod.
440 2547 471 2586 5,
494 2547 512 2576 1
535 2553 554 2578 ο
573 2544 720 2577 deorum
739 2543 843 2587 quid—

98 2591 187 2634 quid
211 2592 253 2625 in
279 2591 374 2626 caelo
398 2592 491 2635 reyit
516 2594 652 2632 terras,·
678 2601 721 2623 zu
747 2590 842 2634 Kap.

101 2641 155 2680 17,
182 2641 213 2673 5.

146 2684 285 2730 adsint]
316 2685 499 2729 ‘zugegen
521 2682 597 2719 sein
616 2683 704 2726 bei’,
727 2683 842 2716 durch

99 2730 158 2764 ein
193 2731 356 2775 Zeugma
388 2731 482 2765 auch
516 2731 585 2765 mit
617 2731 730 2765 armis
761 2741 842 2764 ver-

96 2777 244 2813 bunden
271 2779 308 2812 in
330 2779 414 2813 dem
435 2778 546 2813 Sinne
566 2787 639 2812 von
660 2777 841 2812 wuoeilie‘n-

96 2827 168 2859 tur.

969 1552 1219 1598 consequemur]
1245 1552 1392 1596 rachen,
1420 1553 1579 1589 ahnden.

968 1603 1000 1633 9.
1022 1600 1071 1634 ad
1084 1599 1268 1645 ultimum]
1285 1599 1357 1634 ‘bis
1369 1600 1539 1644 zuletzt’3
1558 1602 1666 1637 eben-

920 1657 960 1681 so
986 1645 1079 1690 Kap.
1103 1650 1165 1689 64,
1193 1650 1214 1681 8
1231 1659 1265 1683 u.
1288 1651 1341 1682 11.
1368 1646 1548 1693 Dagegen
1574 1649 1667 1694 Kap.

921 1697 981 1736 10,
1022 1697 1042 1727 3
1075 1693 1126 1727 ist
1165 1705 1203 1728 es
1234 1694 1361 1738 gleich
1393 1696 1442 1730 ad
1473 1699 1668 1732 extremum

920 1740 1009 1785 (vgl.
1037 1753 1082 1775 zu
1106 1741 1200 1786 Kap.
1228 1745 1284 1784 23,
1312 1744 1359 1783 5).

965 1799 1081 1823 novus
1104 1789 1224 1824 subito
1243 1790 1393 1825 additus
1419 1790 1551 1835 terror]
1579 1790 1663 1835 Vgl.

919 1834 986 1879 21,
1013 1839 1075 1877 56,
1100 1839 1117 1869 1
1154 1847 1337 1880 novusque
1370 1840 1486 1872 terror
1517 1838 1667 1874 additus

918 1882 1121 1924 Romanis;
1147 1883 1181 1926 6,
1207 1887 1240 1927 2,
1261 1887 1282 1918 3
1308 1894 1423 1919 novus
1441 1895 1579 1929 quoque
1597 1888 1666 1921 ter·

918 1940 980 1964 ror
1006 1934 1223 1972 accesserat‚·
1248 1930 1342 1976 Kap.
1369 1934 1426 1975 30,
1454 1935 1486 1968 4.

966 1976 1030 2012 26.
1054 1981 1082 2011 1.
1111 1977 1350 2023 Sabinorum]
1366 1977 1426 2013 Sie
1440 1979 1569 2013 hatten
1583 1978 1665 2014 sich

919 2023 989 2058 seit
1015 2027 1084 2058 468
1109 2025 1221 2070 ruhig
1245 2025 1439 2060 verhalten
1469 2027 1517 2069 (2,
1538 2030 1594 2070 64,
1615 2028 1663 2072 3).

964 2072 1118 2117 foedati]
1146 2071 1380 2106 schrecklich
1404 2072 1586 2109 verheert.
1606 2114 1610 2117 ,

964 2118 1036 2152 duo
1067 2120 1245 2153 exereitus
1283 2120 1428 2164 scripti]
1476 2120 1542 2155 das
1583 2120 1664 2156 eine

917 2176 1000 2198 zum
1023 2164 1159 2210 Kriege
1185 2177 1307 2211 gegen
1328 2165 1387 2200 die
1409 2167 1576 2211 Sabiner,
1597 2167 1664 2203 das

917 2211 1052 2246 andere
1090 2223 1211 2257 gegen
1261 2212 1447 2248 Gracchus
1488 2213 1662 2250 Cloelius.

916 2257 985 2293 Die
1011 2258 1288 2305 beabsichtigte
1311 2262 1505 2306 populatio
1532 2262 1664 2305 finium

917 2307 1127 2350 Aequorum
1153 2307 1260 2352 (Kap.
1281 2311 1345 2353 25,
1372 2310 1407 2353 9)
1434 2307 1564 2344 musste
1587 2321 1664 2344 nun

916 2352 1186 2388 unterbleiben.

965 2404 996 2435 2.
1023 2400 1198 2447 Eretum]
1209 2401 1268 2436 die
1284 2402 1436 2437 nachste
1452 2401 1661 2438 sabinische

920 2446 1045 2490 Stadt,
1071 2447 1303 2483 nordostlich
1328 2460 1401 2484 von
1426 2450 1531 2485 Rom.

959 2506 1028 2539 per
1059 2496 1318 2542 eaepedz'tiones]
1358 2497 1451 2531 statt
1482 2497 1546 2532 des
1576 2495 1659 2530 Abl.

917 2541 1037 2584 instn,
1093 2554 1156 2576 um
1197 2543 1263 2577 das
1308 2542 1661 2578 Zusammentreffen

916 2589 1103 2624 mehrerer
1122 2589 1298 2625 Ablative
1324 2602 1368 2624 zu
1388 2589 1611 2625 vermeiden.

962 2636 1140 2682 reddidit]
1158 2636 1331 2671 ‘richtete
1348 2637 1424 2671 an’.
1453 2637 1534 2672 Ter.
1545 2637 1660 2672 Andr.

915 2686 984 2717 479
1011 2694 1100 2728 quos
1123 2684 1214 2718 mihi
1239 2684 1342 2718 ludos
1365 2684 1536 2719 redderet.

963 2731 1013 2764 ad
1037 2730 1129 2775 eam]
1156 2741 1299 2774 ungew.
1320 2729 1591 2765 Konstruktion
1612 2732 1657 2766 st.

915 2788 996 2812 cum
1020 2788 1072 2812 ea.
1110 2777 1191 2811 Ter.
1217 2776 1308 2811 Eun.
1337 2780 1404 2812 681
1430 2788 1494 2812 nec
1516 2788 1658 2823 eompa-

913 2824 1056 2859 raudus
1079 2824 1138 2859 hic
1162 2824 1304 2868 quidem
1330 2824 1380 2859 ad
1403 2824 1510 2860 illum
1534 2828 1594 2860 est.
