1799 3105
126 117 181 158 22
692 111 834 146 mena
859 111 921 145 iv.
949 110 1051 145 CAP.
1079 116 1110 147 9.
1510 132 1534 150 8,
1549 131 1576 150 u,
1591 132 1616 150 ο,
1631 125 1691 151 311,

125 237 220 265 oum
253 222 411 277 populo
445 221 640 263 Romano
680 222 872 274 servata,
910 234 986 275 per
1024 220 1232 261 intestina
1270 235 1390 262 arma
1426 235 1514 263 non
1551 219 1694 275 licuit3

126 296 307 337 quorum
341 295 470 322 causa
502 283 632 335 atque
663 279 837 322 inItium
870 279 1057 321 traditur
1094 293 1145 321 ex
1183 279 1417 322 certamine
1453 279 1694 322 factionum

78 351 97 381 3
127 345 288 395 ortum,
321 355 429 395 quae
468 338 642 381 fuerunt
680 342 889 394 eruntque
928 338 1125 393 pluribus
1170 338 1342 394 populis
1387 338 1519 382 exitio
1564 353 1693 394 quam

128 401 240 443 bella
269 403 461 453 externa,
490 413 617 454 quam
645 399 780 440 fames
808 397 1019 452 morbive,
1052 411 1244 453 quaeque
1272 398 1358 440 alia
1383 398 1427 440 in
1453 398 1580 441 deum
1606 398 1693 440 iras

126 460 246 501 velut
281 458 436 500 ultima
468 458 739 513 publicorum
774 457 988 499 malorum
1021 460 1208 499 vertunt.

79 536 94 564 ,1
247 517 471 574 Virginem
513 517 656 573 plebei
689 517 858 573 generis
899 516 1085 558 maxime
1126 516 1266 558 forma
1309 520 1458 558 notam
1500 515 1580 559 duo
1620 529 1693 572 pe-

127 579 234 619 tiere
275 577 469 633 iuvenes,
502 576 612 619 alter
650 576 810 632 virgini
850 589 1007 632 genere
1045 590 1140 631 par,
1172 575 1391 618 tutoribus
1430 575 1589 631 fretus,
1621 575 1693 631 qui

126 640 168 678 et
199 636 283 692 ipsi
317 636 507 679 eiusdem
541 636 732 691 eorporis
760 638 900 690 erant,
932 635 1092 677 nobilis
1126 635 1236 677 alter
1267 635 1390 677 nulla
1420 650 1465 678 re
1503 636 1694 691 praeter-

80 708 98 732 ἵν
126 711 255 751 quam
288 695 429 738 forma
462 699 626 751 captus.
689 694 954 737 adiuvabant
986 710 1082 736 eum
1111 695 1400 750 optumatium
1428 694 1590 750 studia,
1620 708 1696 750 per

127 770 235 812 quae
268 755 313 797 in
346 755 520 797 domum
554 769 723 810 quoque
755 754 924 810 puellae
958 757 1175 795 certamen
1212 754 1402 809 partium
1439 752 1695 810 penetravit.

124 815 284 857 nobilis
311 815 506 869 superior
532 814 688 856 iudicio
717 813 868 855 matris
897 827 1009 868 esse,
1042 828 1150 869 quae
1178 828 1307 868 quam
1335 812 1695 869 splendidissimis

126 874 290 930 nuptiis
330 874 452 929 iungi
486 873 677 929 puellam
710 873 903 928 volebat,
934 875 1101 915 tutores
1140 872 1184 914 in
1223 887 1272 914 ea
1311 887 1479 928 quoque
1518 886 1563 914 re
1601 886 1698 928 par·

80 946 98 971 a
127 934 233 975 tium
268 948 478 975 memores
507 933 559 974 ad
593 948 716 974 suum
750 932 936 974 tendere.
979 947 1072 974 eum
1100 946 1167 973 res
1194 931 1344 988 peragi
1369 932 1483 974 intra
1509 931 1696 987 parietes

126 993 369 1048 nequisset,
402 997 579 1034 ventum
612 992 655 1033 in
689 993 754 1033 ius
794 995 872 1034 est.
934 992 1160 1046 postulatu
1199 991 1346 1033 audito
1389 991 1543 1033 matris
1581 992 1696 1033 tuto-

126 1067 305 1108 rumque
354 1052 634 1107 magistratus
687 1051 921 1093 secundum
971 1050 1163 1106 parentis
1210 1050 1438 1092 arbitrium
1484 1049 1588 1092 dant
1629 1050 1696 1092 ius

80 1123 96 1152 τ
127 1112 389 1167 nuptiarum.
463 1111 538 1153 sed
582 1111 646 1152 vis
698 1111 918 1166 potentior
964 1110 1066 1165 fuit,
1119 1124 1303 1166 namque
1354 1113 1541 1165 tutores,
1585 1109 1698 1151 inter

128 1186 230 1213 suae
262 1171 401 1226 partis
435 1170 632 1212 homines
666 1170 716 1212 de
750 1170 906 1212 iniuria
938 1169 1098 1212 decreti
1137 1169 1282 1224 palam
1320 1169 1365 1211 in
1401 1169 1495 1212 foro
1534 1168 1697 1211 contio·
1744 1212 1747 1215 ,

79 1243 98 1273 8
128 1231 238 1284 nati,
270 1245 399 1272 manu
431 1229 548 1271 facta
576 1230 788 1286 virginem
823 1244 873 1271 ex
907 1229 1034 1271 domo
1067 1229 1220 1271 matris
1248 1229 1435 1284 rapiunt.
1493 1228 1696 1271 adversus

127 1305 233 1345 quos
278 1289 477 1331 infestior
522 1292 665 1331 coorta
722 1289 1013 1344 optumatium
1065 1289 1176 1330 acies
1228 1289 1424 1343 sequitur
1471 1302 1698 1330 accensum

126 1349 283 1391 iniuria
315 1349 525 1390 iuvenem.
588 1349 636 1389 fit
669 1348 880 1403 proelium
921 1351 1055 1390 atrox.
1117 1347 1244 1402 pulsa
1283 1348 1426 1402 plebs,
1464 1347 1573 1390 nihil
1611 1346 1697 1389 Ro-

127 1423 279 1450 manae
311 1407 428 1463 plebi
462 1408 636 1462 similis,
670 1410 838 1449 armata
871 1422 921 1449 ex
953 1407 1058 1449 urbe
1101 1407 1315 1462 profecta,
1360 1407 1469 1449 colle
1511 1406 1698 1462 quodam

127 1470 253 1523 capto
287 1468 332 1508 in
365 1481 490 1522 agros
525 1467 816 1522 optumatium
850 1481 945 1508 cum
977 1466 1089 1508 ferro
1123 1466 1298 1521 ignique
1331 1465 1604 1508 excursiones
1636 1465 1698 1507 fa-

80 1542 98 1568 ta
128 1528 197 1569 cit.
261 1528 409 1568 urbem
445 1540 632 1581 quoque,
666 1526 783 1568 omni
817 1526 947 1568 etiam
982 1528 1157 1580 experte
1184 1527 1284 1566 ante
1312 1525 1559 1567 certaminis
1587 1525 1697 1567 mul-

127 1620 233 1654 stellt
252 1620 532 1664 (Anastrophe),
553 1619 591 1653 in
613 1618 678 1654 der
698 1618 872 1654 frsiheren

127 1667 242 1702 Prosa
267 1667 359 1701 stets
387 1677 446 1701 am
466 1665 618 1711 Anfang
644 1667 708 1701 des
737 1665 873 1700 Satzes.

127 1714 221 1760 Kap.
239 1719 292 1758 13,
309 1718 328 1748 2
345 1725 378 1747 u.
395 1719 449 1757 31,
467 1718 498 1748 3.
520 1718 552 1757 2,
568 1718 624 1756 36,
640 1719 671 1748 4.

175 1762 271 1808 cum]
313 1772 353 1796 so
395 1761 450 1796 oft
484 1762 589 1804 fidem
616 1763 664 1805 (τ-
701 1761 760 1795 ein
787 1761 876 1796 Ver-

129 1809 326 1855 sprechen}
347 1820 427 1845 cum
448 1809 572 1853 aliquo
591 1819 751 1853 servare,
778 1808 875 1843 wah-

128 1857 218 1891 rend
245 1857 310 1892 dei·
337 1856 523 1891 Deutsche
545 1857 615 1890 den
635 1855 748 1891 Dativ
771 1858 872 1890 setzt.

175 1906 293 1949 arma]
318 1901 326 1913 ²
335 1900 626 1949 Zwistigkeiten’
635 1933 640 1938 .

995 1619 1043 1653 ad
1062 1628 1169 1653 swam
1188 1618 1343 1663 temiere]
1365 1617 1517 1663 neigten
1537 1617 1617 1652 sich
1637 1617 1702 1652 auf

949 1665 1009 1700 die
1043 1665 1142 1700 Seite
1176 1665 1240 1700 des
1267 1665 1433 1710 Ihrigen,
1462 1664 1561 1700 ihres
1589 1664 1696 1700 Stan-

950 1714 1212 1758 desgenossen.

999 1765 1030 1795 6.
1057 1761 1159 1795 intra
1184 1761 1359 1806 parietes]
1392 1757 1606 1795 ‘innerhalb
1633 1760 1698 1795 des

950 1805 1123 1842 Hauses'.
1193 1807 1288 1842 Dort
1323 1807 1474 1842 konnen
1511 1807 1591 1843 sich
1637 1806 1699 1843 die

950 1855 1091 1890 Mutter
1122 1855 1197 1890 und
1238 1855 1298 1890 die
1334 1855 1569 1891 Vormi'inder
1594 1854 1701 1890 nicht

951 1902 1235 1948 verst‘andigem
1278 1903 1409 1938 darum
1452 1906 1599 1938 mussen
1637 1901 1698 1938 die

177 1957 207 1987 3.
241 1951 388 1997 ultima]
422 1969 457 1980 =
494 1953 675 1994 maxima,
709 1952 876 1996 pessima.
951 1950 1151 1986 Behorden
1186 1949 1446 1992 entecheiden,
1483 1950 1558 1985 und
1597 1948 1698 1985 diese

130 2004 255 2043 2’1‚41,
273 2004 313 2034 11
343 2000 468 2034 ultimo
493 1999 694 2044 supplicio,-
720 2003 752 2041 3,
768 2003 824 2041 47,
847 2002 878 2032 2.
951 1998 1081 2043 folgen
1113 1997 1279 2033 offenbar
1312 1997 1398 2032 dem
1422 1997 1606 2032 Wunsche
1633 1998 1699 2032 des

179 2048 299 2092 deum}
327 2064 363 2075 ε
389 2046 548 2090 deorum,
575 2046 631 2080 oft
659 2045 718 2080 bei
738 2045 877 2080 Livius.
952 2045 1168 2080 Madchens

994 2092 1199 2138 postulatu]
1227 2091 1358 2127 Dieses
1386 2091 1603 2127 Substantiv
1630 2092 1698 2127 fin-

953 2140 1018 2174 det
1042 2139 1123 2174 sich
1147 2151 1216 2173 nur
1241 2138 1333 2174 hier.

998 2192 1028 2222 7.
1043 2198 1157 2222 manu
1173 2187 1290 2232 facta]
1313 2186 1381 2221 Die
1396 2186 1535 2222 Phi-ase
1549 2198 1698 2223 manum

948 2236 1078 2280 facere,
1101 2232 1226 2268 ‘einen
1253 2233 1512 2269 Volkshaufen
1538 2244 1697 2269 versam-

950 2282 1061 2325 meln,
1077 2281 1158 2316 eine
1173 2281 1301 2316 Bande
1316 2279 1472 2325 bilden',
1488 2281 1606 2316 findet
1619 2280 1700 2316 sich

952 2329 1047 2364 auch
1081 2329 1120 2363 in
1146 2327 1293 2364 Ciceros
1330 2329 1460 2364 Reden
1486 2328 1700 2374 einigemal.

999 2381 1030 2412 8.
1058 2376 1168 2423 nihil]
1199 2377 1323 2411 starke
1345 2375 1586 2421 Verneinung
1605 2377 1700 2411 statt

951 2436 1036 2460 non.
1086 2423 1221 2458 Worin
1240 2423 1301 2459 die
1321 2423 1618 2458 Un'ahnlichkeit
1635 2423 1699 2459 be-

953 2472 1077 2517 stand,
1120 2471 1266 2517 ergiebt
1303 2471 1383 2506 sich
1421 2481 1486 2506 aus
1521 2475 1552 2515 3,
1581 2475 1636 2515 52,
1659 2476 1698 2507 3:

952 2524 1072 2556 castra
1085 2520 1126 2553 in
1139 2523 1256 2555 monte
1271 2518 1384 2555 Sacro
1400 2519 1556 2554 locavere
1571 2518 1698 2562 (naml.

952 2566 1012 2601 die
1044 2565 1216 2611 Plebejer
1253 2565 1316 2601 bei
1351 2567 1416 2601 der
1452 2564 1608 2600 zweiten
1634 2565 1697 2600 Se-

951 2614 1113 2657 cession,
1141 2613 1193 2648 im
1218 2614 1250 2649 J.
1277 2615 1362 2659 449)
1386 2613 1595 2648 modestiam
1627 2623 1698 2659 pa-

176 2110 332 2151 vertzmt}
357 2105 411 2139 als
436 2104 596 2150 Subjekt
616 2108 771 2150 erganze
792 2115 879 2138 man

130 2154 302 2195 homines,
331 2151 422 2187 'was
455 2163 587 2186 man..
607 2181 611 2186 .
638 2151 879 2186 zurtickft'ihrt

129 2200 195 2234 auf
215 2229 219 2234 .
238 2229 243 2234 .
263 2198 277 2233 ἶ
308 2199 391 2245 vgl.
420 2204 475 2243 28,
494 2204 546 2242 11,
565 2205 581 2233 1
605 2210 683 2234 cum
715 2202 876 2234 omnium

127 2248 366 2283 seemzdorum
407 2248 707 2291 adversorumque
747 2256 877 2282 causas

129 2297 168 2330 in
207 2296 288 2330 deos
323 2299 504 2329 verterent.
540 2293 645 2328 Sinn:
682 2294 749 2328 Die
776 2294 877 2328 Men-

130 2342 243 2378 schen
270 2342 417 2387 pfiegen
450 2340 565 2386 grossse
593 2340 876 2386 Ungliicksfalle

130 2401 195 2424 aus
232 2390 315 2423 dem
351 2389 467 2423 Zorne
494 2389 560 2423 der
587 2388 717 2423 Gotter
750 2389 876 2423 herzu—

132 2437 258 2472 leiten.

178 2501 210 2530 4.
237 2496 434 2542 tutoribus]
463 2495 542 2530 scil.
570 2497 734 2541 viminis.

179 2556 352 2601 corporis]
403 2552 547 2590 “Stand’
595 2555 660 2589 der
698 2554 877 2599 Plebejer.

134 2607 270 2645 1,17,2
298 2603 449 2638 oriundi
473 2604 518 2637 ab
546 2602 694 2637 Sabinis
718 2603 778 2637 sui
803 2613 877 2637 cor·

125 2652 231 2695 poris
256 2651 374 2685 creari
391 2660 507 2696 reyem
531 2651 706 2685 volebant.
736 2655 767 2693 6,
785 2654 838 2693 34,
857 2654 876 2684 5

125 2698 285 2742 potentis
310 2698 383 2732 viri
408 2708 489 2732 cum
516 2698 609 2732 inter
634 2698 694 2732 sui
719 2698 879 2742 corporis

130 2745 288 2779 homines
333 2747 382 2777 (=
396 2749 533 2789 patres,
579 2749 655 2780 tum
687 2745 792 2779 etiam
829 2746 878 2779 ad

125 2791 273 2835 plebem.

179 2854 210 2884 5.
237 2851 379 2894 nuptiis
393 2851 513 2896 iungi]
531 2851 612 2885 eine
634 2851 878 2894 Verbindung

132 2895 315 2939 schlieffi,
343 2897 424 2931 eine
452 2897 576 2931 Par-tie
604 2898 743 2932 maehe.

949 2666 1047 2697 trum
1083 2671 1232 2697 suorum
1269 2660 1346 2706 (bei
1383 2660 1448 2695 der
1483 2660 1606 2695 ersten
1636 2659 1699 2695 Se-

952 2708 1108 2764 cession,
1122 2707 1173 2742 im
1188 2709 1219 2743 J.
1241 2710 1324 2752 494)
1344 2707 1463 2742 nihil
1481 2707 1698 2743 violando

949 2760 1100 2848 zmgiae‘irtzll
1138 2800 1262 2837 eunter
1305 2802 1552 2848 Anwendung
1595 2799 1697 2844 von’,

951 2849 1177 2884 Adverbiale
1221 2849 1286 2883 der
1329 2848 1399 2883 Art
1441 2849 1516 2883 und
1561 2848 1697 2883 Weise.

952 2897 1025 2931 Der
1051 2896 1133 2932 Abl.
1161 2895 1266 2930 instr.
1294 2899 1390 2930 ware
1411 2896 1449 2930 in
1469 2896 1611 2931 diesem
1630 2895 1697 2931 Zu-
