1799 3105
74 376 116 408 10

77 679 117 709 11

76 799 118 831 12

77 918 119 950 13

76 1204 130 1247 69

99 1276 119 1307 2

100 1512 120 1543 3

146 78 229 119 112
658 77 801 112 LIBER
827 77 888 114 ΠΙ.
929 76 1029 111 ΟΑΡ.
1058 82 1113 114 68.
1141 83 1196 114 69.

1494 96 1520 114 a.
1539 96 1567 115 u.
1593 96 1617 115 c.
1637 90 1699 116 308.

142 188 251 242 scio3
290 187 363 229 sed
394 201 460 229 me
493 201 592 228 vera
624 200 702 240 pro
736 186 868 241 gratis
901 186 1036 241 loqui,
1073 187 1156 228 etsi
1188 202 1328 229 meum
1360 188 1582 243 ingenium
1612 202 1699 230 non

142 250 353 301 moneret,
384 246 618 288 necessitas
651 246 779 300 cogit.
823 245 975 286 vellem
1007 246 1201 300 equidem
1234 246 1355 288 vobis
1387 247 1572 301 placere,
1599 246 1699 296 Qui-

141 306 265 360 ritcs3
305 306 378 347 sed
416 305 550 346 multo
588 305 703 346 malo
738 319 812 346 vos
845 305 985 346 salvos
1019 319 1129 358 esse,
1167 305 1464 361 qualicumque
1497 319 1602 361 erga
1632 320 1699 348 me

143 365 285 407 animo
323 364 456 406 futuri
493 363 609 406 estis,
670 365 825 405 natura
862 363 943 406 hoc
980 364 1042 405 ita
1074 367 1367 418 comparatum
1400 367 1485 419 est,
1523 367 1589 419 ut,
1629 365 1702 421 qui

144 423 255 478 apud
291 422 611 465 multitudinem
651 437 728 464 sua
768 425 896 464 causa
933 423 1141 478 loquitur,
1180 424 1344 478 gratior
1382 438 1431 466 eo
1470 424 1543 478 sit,
1582 425 1700 466 cuius

143 498 262 524 mens
293 483 401 523 nihil
431 484 600 536 praeter
631 482 849 536 publicum
882 482 1154 524 commodum
1192 482 1329 538 videt3
1366 483 1452 524 nisi
1487 483 1599 525 forte
1631 483 1701 525 ad·

145 544 385 583 sentatores
417 541 624 596 publicos,
656 541 890 595 plebicolas
922 542 1046 596 istos,
1079 542 1151 596 qui
1182 556 1256 583 vos
1288 556 1365 584 nec
1396 542 1442 584 in
1468 542 1598 584 armis
1623 556 1702 584 nec

144 602 188 642 in
221 601 309 643 otio
343 614 434 642 esse
468 601 632 654 sinunt,
664 602 808 642 vestra
839 615 914 642 vos
949 615 1076 642 causa
1102 601 1282 642 incitare
1309 603 1351 643 et
1377 601 1596 643 stimulare
1627 616 1701 656 pu-

146 660 261 701 tatis.
323 660 523 702 concitati
556 662 631 701 aut
661 659 812 702 honori
845 661 919 701 aut
950 660 1147 715 quaestui
1178 660 1264 701 illis
1297 660 1418 715 estis3
1452 665 1494 702 et
1526 661 1627 716 quia
1656 661 1702 702 in

146 719 372 761 concordia
404 719 598 761 ordinum
630 719 773 761 nullos
800 733 843 761 se
869 734 1051 774 usquam
1078 733 1169 761 esse
1201 720 1363 774 vident,
1394 720 1533 769 malae
1564 720 1627 762 rei
1659 733 1703 762 66

148 793 275 833 quam
301 779 478 833 nullius,
509 778 733 820 turbarum
760 793 808 820 ac
835 778 1093 820 seditionum
1125 778 1251 820 duces
1281 793 1373 821 esse
1398 779 1558 822 volunt.
1602 793 1703 833 qua—

145 852 239 879 rum
275 852 418 879 rerum
456 838 492 879 61
529 852 605 879 vos
641 838 830 879 taedium
867 837 1039 879 tandem
1079 846 1228 892 capere
1272 840 1415 892 potest
1452 840 1494 880 et
1530 840 1703 893 patrum

145 899 395 952 vestrosque
435 897 634 950 antiquos
667 911 806 938 mores
838 897 967 938 vultis
999 911 1076 951 pro
1108 896 1174 937 his
1206 897 1330 939 novis
1363 911 1546 951 sumere,
1585 897 1703 939 nulla

146 956 355 1010 supplicia
391 970 559 1010 recuso,
600 956 684 997 nisi
716 956 864 1010 paucis
897 955 1046 997 diebus
1077 955 1157 997 1106
1189 956 1467 1011 populatores
1501 969 1703 1012 agrorum

145 1018 390 1057 nostrorum
429 1015 546 1056 fusos
584 1015 842 1070 fugatosque
875 1015 1026 1056 castris
1059 1029 1212 1057 exuero
1246 1017 1289 1057 et
1321 1030 1346 1056 a
1375 1015 1512 1070 portis
1544 1016 1703 1057 nostris

145 1075 451 1129 moenibusque
485 1074 537 1115 ad
569 1074 740 1116 illorum
772 1074 898 1116 urbes
929 1074 1042 1116 hunc
1074 1074 1179 1116 belli
1211 1076 1437 1129 terrorem,
1477 1089 1560 1130 quo
1591 1088 1704 1116 nunc

147 1148 220 1176 vos
253 1133 429 1175 attoniti
460 1133 581 1187 estis,
613 1132 902 1175 transtulero.'

264 1193 376 1235 Raro
410 1193 515 1234 alias
547 1193 709 1234 tribuni
740 1193 960 1247 popularis
1000 1192 1137 1234 oratio
1178 1193 1391 1247 acceptior
1428 1192 1545 1247 plebi
1580 1207 1709 1247 quam

146 1254 249 1293 111116
295 1252 553 1293 severissimi
597 1252 785 1293 consulis
824 1251 918 1294 fuit,
979 1252 1174 1293 iuventus
1219 1266 1404 1307 quoque,
1452 1266 1560 1306 quae
1600 1252 1710 1293 inter

147 1312 254 1353 tales
287 1314 426 1352 metus
459 1311 816 1353 detractationem
849 1311 1028 1353 militiae
1061 1311 1196 1352 telum
1224 1311 1477 1353 acerrimum
1505 1311 1709 1353 adversus

144 1372 289 1425 patres
321 1370 482 1412 habere
515 1370 642 1412 solita
675 1373 784 1426 erat,
817 1385 936 1412 arma
963 1373 1006 1412 et
1032 1370 1193 1411 bellum
1226 1370 1459 1425 spectabat.
1511 1372 1554 1412 et
1585 1383 1707 1425 agre-

147 1430 277 1471 stium
308 1429 412 1484 fuga
445 1429 703 1484 spoliatique
736 1430 780 1470 in
813 1430 926 1484 agris
959 1432 1001 1471 et
1031 1429 1244 1470 vulnerati
1276 1429 1467 1471 foediora
1498 1429 1562 1483 116,
1596 1443 1704 1483 quae

149 1489 468 1530 subiciebantur
494 1488 647 1542 0611116,
674 1489 920 1530 nuntiantes
946 1490 1083 1530 totam
1109 1488 1257 1529 urbem
1282 1489 1347 1529 ira
1372 1488 1614 1543 implevere.
1664 1488 1709 1529 in

149 1555 346 1589 senatum
383 1548 458 1589 ubi
495 1549 670 1589 ventum
708 1551 790 1601 est,
828 1548 888 1589 ibi
927 1562 1026 1589 vero
1058 1548 1103 1588 in
1137 1546 1383 1595 Quinctium
1417 1562 1566 1590 omnes
1597 1547 1710 1589 versi

147 1610 195 1648 ut
226 1607 271 1648 in
302 1621 434 1648 unum
466 1606 675 1648 vindicem
702 1607 940 1648 maiestatis
966 1607 1186 1648 Romanae
1211 1606 1391 1661 intueri3
1423 1609 1466 1648 et
1499 1606 1709 1661 primores

147 1668 318 1720 patrum
344 1665 517 1720 dignam
544 1666 681 1707 dicere
708 1666 952 1708 contionem
977 1665 1157 1720 imperio
1185 1666 1413 1720 consulari,
1441 1665 1617 1721 dignam
1642 1667 1709 1707 tot

196 1774 250 1805 10.
283 1774 421 1805 natura
448 1770 536 1816 616]
577 1781 615 1804 66
648 1769 742 1815 liegt
765 1770 804 1805 in
830 1770 894 1805 der

148 1818 270 1853 Natur
295 1818 359 1852 der
385 1817 520 1861 Sache3
547 1817 640 1861 Kap.
669 1821 701 1861 9,
731 1822 784 1853 11.

195 1875 264 1900 sua
289 1865 418 1911 causa]
451 1864 490 1899 in
516 1864 664 1910 eigener
692 1865 826 1908 Sache,
853 1865 891 1900 in

149 1912 426 1957 eigenm'itziger
450 1912 618 1947 Absicht.

191 1960 373 2006 publicos]
410 1960 502 1994 statt
536 1959 599 1994 des
633 1959 721 1994 Gen.
756 1959 888 1994 obiect.

143 2008 285 2052 populi.

195 2065 256 2089 vos
280 2064 344 2088 uec
368 2054 410 2088 iu
434 2054 547 2088 armis
571 2064 634 2088 uec
659 2054 701 2088 in
726 2055 798 2088 otio
820 2064 891 2089 esse

149 2101 292 2147 sinunt]
316 2100 439 2135 indem
461 2100 513 2135 sie
533 2100 593 2134 die
613 2101 890 2146 Aushebungen

149 2148 371 2183 verhindern
402 2147 478 2182 und
503 2147 629 2182 innere
656 2147 889 2193 Streitigkei-

149 2197 213 2230 ten
240 2205 403 2239 erregen.

200 2246 253 2276 11.
291 2242 411 2276 nullos
445 2242 614 2288 usquam]
654 2253 725 2276 von
764 2241 891 2277 keiner

150 2290 371 2333 Bedeutung
389 2289 591 2333 irgendwo,
612 2288 646 2322 d.
663 2289 697 2323 h.
715 2289 890 2333 nirgends

1011 1770 1112 1813 fusos
1137 1770 1367 1816 fuyatosque]
1393 1769 1479 1816 Vgl.
1509 1769 1602 1814 Kap.
1623 1772 1655 1813 8,
1676 1773 1706 1804 5.

1012 1828 1075 1864 69.
1103 1832 1135 1863 2.
1162 1829 1348 1875 iuventus]
1369 1829 1429 1864 die
1449 1829 1566 1874 junge
1580 1828 1711 1864 Mann-

964 1875 1104 1919 schaft,
1150 1875 1290 1910 welche
1329 1888 1411 1911 zum
1453 1875 1712 1922 Kriegsdienst

963 1923 1199 1968 verpflichtet
1252 1934 1329 1957 war
1377 1924 1453 1958 und
1503 1923 1705 1959 denselben

962 1972 1071 2006 unter
1113 1970 1197 2005 dem
1236 1969 1370 2005 Schutz
1414 1971 1479 2015 der
1517 1970 1705 2006 Tribunen

963 2019 1075 2053 sehon
1106 2016 1307 2052 mehrmals
1339 2017 1561 2063 verweigert
1585 2018 1701 2052 hatte.

1009 2082 1100 2115 quae
1137 2070 1410 2105 subiciebantur
1452 2070 1583 2116 oeulis]
1627 2081 1703 2105 was

964 2117 1041 2152 sich
1066 2117 1174 2151 ihren
1193 2118 1322 2161 Augen
1342 2116 1486 2160 darbot‚
1513 2128 1579 2152 vor
1597 2117 1705 2152 ihren

962 2164 1117 2199 Blicken
1141 2163 1215 2209 lag.

1009 2217 1237 2263 nuntiantes]
1271 2216 1530 2262 Bestimmung
1554 2230 1598 2252 zu
1623 2227 1703 2262 spo-

964 2265 1047 2299 liati
1077 2264 1153 2299 und
1184 2265 1385 2307 vulnerati,
1421 2264 1569 2300 zweites
1597 2264 1705 2300 Glied

151 2348 224 2372 von
249 2337 479 2380 Bedeutung.

199 2384 322 2430 quam]
356 2382 411 2417 als
443 2383 489 2418 ob
514 2383 656 2417 malunt
680 2383 889 2428 nachfolge.

151 2431 234 2476 Vgl.
262 2432 321 2475 25,
349 2435 405 2473 29,
433 2434 452 2464 6
481 2430 647 2473 famaene
671 2431 769 2465 credi
793 2431 891 2474 velis,

151 2482 291 2524 quanta
321 2479 408 2513 urbs
439 2489 462 2512 α
487 2481 518 2512 te
543 2481 652 2522 capta
681 2479 746 2520 sit,
784 2489 892 2522 quam

146 2527 302 2571 posteris
317 2536 467 2583 'quoque
479 2536 555 2559 eam
573 2526 774 2569 spectaculo
793 2525 890 2560 esse?

153 2573 228 2607 Cic.
250 2572 323 2607 de'
315 2585 387 2607 mv.
403 2576 435 2615 2,
452 2576 489 2613 53
517 2572 571 2606 oft
594 2573 652 2606 bei
668 2573 784 2615 Hom
806 2585 833 2608 z.
849 2573 889 2607 B.

152 2619 240 2655 Ilias
267 2624 393 2676 1,117
418 2599 570 2675 (30111,οῷ
595 2617 665 2663 ἐγώ
687 2617 780 2654 λαὸν
804 2619 893 2654 σόον

155 2666 312 2712 ἔμμεναι
338 2663 360 2710 ἢ
387 2664 608 2701 ἀπολέσθαι.

203 2718 256 2749 13.
277 2714 366 2759 nisi]
382 2714 450 2747 mit
464 2713 543 2748 Fut.
559 2725 626 2756 ex.,
647 2713 772 2748 indem
790 2714 894 2748 nulla

153 2762 337 2805 supplicia
372 2771 495 2795 recuso
533 2760 616 2794 dem
650 2760 761 2795 Sinne
798 2762 893 2795 nach

154 2807 268 2842 Futur
299 2808 364 2850 ist,
481 2808 602 2842 omnia
634 2809 781 2852 supplia
807 2819 890 2852 per-

154 2854 279 2896 feram.

964 2325 1007 2347 zu
1035 2312 1138 2358 fuya.

1011 2375 1042 2407 3.
1075 2372 1116 2405 in
1140 2371 1317 2416 senatum]
1351 2370 1622 2416 vorangestellt
1653 2371 1703 2405 im

965 2419 1174 2463 Gegensatz
1200 2431 1243 2453 zu
1264 2419 1365 2463 plebi
1389 2422 1408 2461 ξ
1438 2422 1467 2452 1.

1009 2475 1051 2506 ut
1087 2473 1128 2506 iu
1164 2474 1292 2513 unum]
1331 2488 1376 2499 =
1406 2472 1448 2506 in
1479 2482 1558 2505 eum
1588 2474 1630 2505 ut
1663 2471 1705 2506 in

963 2530 1087 2554 unum.
1139 2519 1222 2563 Vgl.
1247 2518 1314 2561 40,
1344 2522 1403 2561 13,
1429 2521 1452 2552 4
1486 2519 1528 2552 iu
1552 2518 1704 2553 hostiam

963 2567 1118 2601 intuens.
1170 2565 1316 2601 Ebenso
1355 2567 1448 2600 setzt
1481 2564 1608 2599 Cicero
1643 2576 1703 2598 zu-

965 2613 1097 2648 weilcn
1135 2613 1193 2647 bei
1232 2611 1371 2647 diesem
1409 2611 1505 2646 Verb
1551 2611 1603 2655 (in
1641 2611 1706 2646 der

966 2659 1184 2704 Bedeutung
1199 2658 1441 2703 ehrerbietig
1454 2657 1687 2693 hinblicken’
1691 2660 1704 2702 )

965 2708 1006 2742 in
1032 2718 1060 2742 c.
1088 2707 1172 2741 Acc.
1223 2706 1400 2750 Haufiger
1427 2706 1477 2740 ist
1503 2705 1568 2740 der
1593 2703 1704 2741 blosse

965 2754 1176 2789 Accusativ.

1013 2807 1228 2852 contionem]
1262 2805 1321 2840 die
1354 2817 1401 2840 an
1427 2805 1491 2840 das
1517 2804 1616 2840 Volk
1642 2815 1707 2850 ge-

965 2854 1115 2889 haltene
1142 2854 1254 2888 Rede.
