1799 3105
117 43 172 85 98
625 42 769 78 LIBER
793 42 857 77 111.
908 42 1011 79 CAP.
1038 47 1093 79 59.
1121 48 1175 78 60.
1467 61 1494 80 a.
1515 61 1544 80 u.
1565 61 1590 81 e.
1611 55 1674 82 805.

47 152 102 194 59
237 152 394 208 Ingens
428 156 565 193 metus
603 153 836 192 incesserat
866 153 1026 205 patres,
1065 151 1291 206 vultusque
1323 152 1409 194 iam
1441 152 1569 194 iidem
1600 153 1675 195 tri-

116 213 328 254 bunorum
367 214 508 265 erant,
551 211 624 265 qui
662 209 999 252 decemvirorum
1035 209 1222 261 fuerant,
1263 226 1358 253 cum
1399 211 1455 253 M.
1487 211 1674 254 Duillius

71 282 90 312 2
116 272 313 313 tribunus
357 270 493 325 plebis
537 269 723 310 inhibito
763 269 993 310 salubriter
1025 269 1152 311 modo
1184 270 1343 312 nimiae
1374 271 1582 325 potestati
1616 270 1674 313 ‘et

117 329 344 372 libertatis'
389 329 530 383 inquit
565 328 758 370 ‘nostrae
792 330 833 369 et
864 342 1102 383 poenarum
1140 342 1191 369 ex
1228 329 1414 371 inimicis
1453 331 1559 372 satis
1591 332 1673 384 est3

116 390 261 444 itaque
298 389 379 430 hoc
420 401 534 429 anno
572 401 650 429 nec
688 387 800 428 diem
838 387 921 429 dici
959 387 1156 441 cuiquam
1197 402 1275 429 nec
1321 389 1365 430 in
1403 389 1544 431 vincla
1576 389 1675 431 duci

69 458 89 489 3
117 462 373 504 quemquam
413 461 506 488 sum
543 461 760 501 passurus.
821 460 922 488 nam
960 461 1096 501 neque
1134 450 1280 488 vetera
1319 450 1494 502 peccata
1537 448 1675 502 repeti

117 509 202 550 iam
228 507 480 548 oblitterata
520 507 678 560 placet,
722 520 817 546 cum
855 519 968 547 nova
1000 505 1172 560 expiata
1210 506 1297 548 sint
1337 506 1674 550 decemvirorum

117 566 354 620 suppliciis,
395 567 438 606 et
475 565 584 606 nihil
618 564 852 606 admissum
883 564 953 619 iri,
992 564 1106 620 quod
1144 565 1230 607 vim
1261 565 1535 608 tribuniciam
1567 565 1674 608 desi-

116 625 246 680 deret,
278 624 462 679 spondet
491 626 699 679 perpetua
730 623 955 666 consulum
982 624 1205 666 amborum
1233 624 1277 666 in
1302 625 1501 667 libertate
1527 626 1674 667 vestra

69 696 90 726 4
117 684 276 726 tuenda
309 683 436 726 cura?
499 697 549 725 ea
586 683 770 738 primum
810 683 1046 724 moderatio
1084 683 1249 725 tribuni
1287 686 1447 726 metum
1478 683 1674 740 patribus

117 743 316 798 dempsit,
360 742 591 797 eademque
622 742 740 784 auxit
773 742 994 784 consulum
1031 742 1254 797 invidiam,
1291 743 1404 798 quod
1436 743 1541 785 adeo
1589 744 1674 785 toti

114 803 253 858 plebis
295 802 497 856 fuissent,
540 804 588 842 ut
619 804 791 856 patrum
830 801 982 842 salutis
1021 801 1317 856 libertatisque
1349 802 1466 857 prior
1496 802 1669 857 plebeio

114 861 389 917 magistratui
419 876 548 916 quam
580 860 761 914 patricio
788 874 890 901 cura
924 860 1092 914 fuisset,
1130 863 1173 901 et
1199 864 1299 902 ante
1325 861 1521 903 inimicos
1549 861 1671 902 satie-

113 924 182 963 tas
214 935 450 976 poenarum
488 934 661 962 suarum
694 919 892 974 cepisset,
932 933 1059 973 quam
1101 919 1273 960 obviam
1302 920 1440 962 ituros
1472 920 1672 962 licentiae

66 993 85 1023 5
113 994 260 1022 eorum
293 979 489 1021 consules
526 981 764 1033 appareret.
826 978 1035 1033 multique
1074 981 1216 1032 erant,
1259 979 1333 1034 qui
1371 979 1543 1021 mollius
1576 993 1672 1020 con-

114 1040 274 1081 sultum
306 1039 511 1093 dicerent,
550 1037 662 1092 quod
703 1037 848 1093 legum
887 1037 940 1079 ab
978 1037 1029 1078 iis
1067 1037 1251 1079 latarum
1289 1040 1434 1092 patres
1474 1039 1671 1081 auctores

112 1098 313 1152 fuissent,
349 1112 487 1152 neque
521 1100 612 1139 erat
643 1097 830 1151 dubium,
874 1097 977 1152 quin
1008 1096 1182 1140 turbato
1221 1097 1282 1138 rei
1320 1097 1518 1151 publicae
1554 1099 1672 1139 statu

112 1158 298 1212 tempori
330 1157 664 1199 succubuissent.

43 1218 99 1260 60
233 1215 440 1259 Consules
472 1216 599 1257 rebus
625 1215 802 1257 urbanis
826 1214 1075 1269 compositis
1101 1214 1365 1270 fundatoque
1389 1215 1528 1270 plebis
1555 1217 1675 1258 statu

113 1276 159 1317 in
189 1276 430 1330 provincias
463 1275 620 1316 diversi
649 1275 804 1318 abiere.
847 1273 1048 1316 Valerius
1075 1273 1277 1318 adversus
1304 1275 1557 1317 coniunctos
1585 1274 1673 1317 iam

112 1335 158 1376 in
183 1334 341 1390 Algido
375 1335 583 1376 exercitus
610 1334 860 1388 Aequorum
890 1333 1229 1388 Volscorumque
1261 1333 1465 1376 sustinuit
1496 1333 1675 1375 consilio

67 1407 87 1437 2
113 1394 294 1448 bellum3
328 1393 441 1449 quod
467 1394 502 1434 si
531 1392 746 1447 extemplo
772 1407 863 1434 rem
895 1392 1092 1434 fortunae
1122 1392 1419 1446 commisisset,
1444 1392 1558 1434 haud
1585 1392 1675 1434 scio

115 1469 188 1508 an,
227 1454 298 1509 qui
331 1456 422 1494 tum
456 1453 588 1494 animi
620 1453 672 1493 ab
711 1451 1047 1493 decemvirorum
1080 1450 1323 1493 infelicibus
1357 1451 1558 1506 auspiciis
1591 1451 1675 1493 Ro-

83 1517 86 1519 ’
114 1512 254 1554 manis
280 1512 564 1567 hostibusque
590 1513 728 1564 erant,
755 1524 911 1566 magno
937 1511 1195 1552 detrimento
1222 1513 1439 1552 certamen
1459 1513 1674 1552 staturum

67 1587 87 1618 3
113 1572 254 1614 fuerit.
316 1570 467 1613 castris
509 1570 628 1612 mille
666 1584 870 1624 passuum
908 1570 961 1611 ab
1002 1569 1127 1611 hoste
1164 1569 1317 1623 positis
1358 1569 1505 1624 copias
1538 1569 1673 1611 conti-

114 1631 254 1673 nebat.
297 1631 443 1672 hostes
475 1629 661 1671 medium
693 1629 803 1670 inter
829 1629 932 1670 bina
957 1631 1100 1670 castra
1126 1628 1313 1683 spatium
1349 1629 1440 1670 acie
1465 1629 1677 1670 instructa

115 1690 400 1745 complebant,
429 1688 844 1744 provocantibusque
866 1688 917 1729 ad
944 1688 1153 1743 proelium
1179 1701 1433 1742 responsum
1456 1686 1675 1729 Romanus

67 1763 88 1793 4
115 1763 242 1791 nemo
274 1749 491 1790 reddebat.
552 1747 726 1789 tandem
758 1747 934 1803 fatigati
967 1746 1118 1789 stando
1152 1761 1201 1788 ac
1231 1746 1493 1801 nequiquam
1529 1760 1677 1801 expec-

162 1877 226 1913 59.
255 1881 285 1912 1.
311 1877 430 1922 modo]
452 1876 594 1911 inhibeo
613 1876 758 1911 modum
782 1875 856 1911 ‘ich
978 1875 1023 1910 ab
1049 1875 1113 1920 iis]
1136 1892 1178 1904 =
1199 1887 1222 1910 α
1243 1875 1462 1910 consulibus.

115 1926 212 1960 setze
244 1925 324 1960 eine
354 1923 571 1959 Schranke’.
976 1925 1138 1958 auctores
1168 1922 1339 1968 fuissent]
1368 1921 1580 1967 ‘bestatigt‚
1613 1931 1676 1966 ge—

163 1976 194 2007 2.
225 1983 267 2007 ex
293 1972 468 2018 inimicis]
498 1970 669 2006 Attribut
703 1982 747 2004 zu
774 1980 858 2014 poe·
930 1970 1100 2015 nehmigt
1125 1969 1288 2013 h'atten',
1314 1980 1390 2004 was
1419 1968 1512 2013 Kap.
1540 1971 1602 2011 55,
1632 1971 1675 2003 15

115 2031 260 2062 narum,
280 2018 349 2054 wie
365 2019 456 2064 Kap.
478 2022 535 2061 29,
555 2021 575 2052 2
592 2018 735 2063 praeda
757 2028 800 2053 ex
820 2027 857 2052 eo
931 2017 1048 2051 durch
1075 2015 1135 2051 die
1155 2017 1284 2051 Worte
1304 2027 1379 2051 non
1399 2015 1678 2051 adversantibus

115 2067 219 2102 hoste.
924 2064 1099 2109 patriciis
1124 2063 1350 2108 angedeutet
1374 2063 1438 2097 ist.

163 2114 284 2158 itaque
310 2113 397 2158 etc]
438 2113 487 2147 Er
522 2112 602 2147 will
633 2122 753 2157 gegen
784 2110 857 2146 alle
978 2111 1129 2155 tempori
1153 2109 1443 2155 succubuissent]
1472 2109 1557 2144 ‘den
1581 2108 1675 2143 Ver-

117 2160 291 2196 weiteren
317 2160 513 2204 Anklagen
539 2158 818 2194 intercedieren.
934 2157 1140 2193 haltnissen
1157 2156 1234 2192 sich
1249 2157 1391 2202 geffigt,
1411 2156 1677 2202 nachgegeben

165 2211 195 2244 3.
228 2207 354 2254 repeti]
389 2207 541 2242 ‘wieder
565 2207 862 2251 hervorgezogen
933 2205 1094 2239 hatten’.
1145 2204 1317 2249 Subjekt:
1339 2208 1475 2249 patres.

117 2254 292 2290 werden’.
352 2256 353 2261 ’

164 2306 196 2337 et
221 2301 332 2348 nihil]
365 2305 397 2337 et
431 2301 639 2346 entspricht
671 2300 755 2335 dem
786 2310 861 2340 nec,

117 2349 186 2385 wie
213 2349 304 2394 Kap.
333 2352 390 2392 49,
417 2351 447 2383 8.

164 2398 235 2432 vim
272 2395 525 2442 tribuniciam]
560 2395 625 2430 das
650 2393 860 2429 Einschrei-

117 2447 180 2480 ten
207 2444 272 2478 der
297 2443 502 2485 Tribunen3
529 2443 602 2487 vgl.
627 2442 720 2487 Kap.
741 2445 806 2485 20,
828 2446 859 2477 6.

160 2495 193 2526 4.
203 2492 270 2526 toti
276 2491 392 2535 plebis
403 2489 756 2536 fuissent]Vgl.Kap.
767 2492 860 2533 36,7.

161 2538 316 2584 plebeio]
332 2538 407 2573 Das
420 2537 707 2573 Volkstribunat
719 2537 859 2571 konnte

119 2598 188 2620 nur
219 2597 290 2620 von
326 2585 540 2630 Plebejern,
581 2584 647 2619 das
680 2583 862 2618 Konsulat

120 2633 179 2667 bis
207 2637 274 2667 366
300 2645 333 2667 v.
355 2631 438 2666 Chr.
465 2644 533 2666 nur
558 2643 629 2667 von
658 2630 863 2666 Patriziern

119 2680 311 2715 bekleidet
344 2679 509 2722 werden3
542 2678 639 2714 doch
663 2678 738 2724 vgl.
771 2677 863 2724 Kap.

124 2731 179 2769 65,
208 2732 237 2761 1.

174 2777 204 2807 5.
241 2774 383 2808 mollius
416 2772 633 2818 consultum]
670 2771 748 2809 scil.
783 2783 866 2815 csse,

128 2820 228 2854 ‘man
256 2820 308 2855 sei
329 2832 371 2854 zu
398 2820 623 2865 nachgiebig
642 2819 864 2854 verfahren'.

981 2251 1045 2287 60.
1074 2256 1102 2286 1.
1126 2251 1241 2297 statu]
1274 2252 1334 2287 die
1354 2250 1678 2287 staatsrechtliche

936 2298 1116 2345 Stellung.

980 2346 1172 2392 sustinuit]
1199 2347 1432 2391 verzogerte,
1460 2356 1529 2389 zog
1553 2345 1592 2380 in
1617 2344 1678 2379 die

935 2394 1061 2439 Lange
1089 2393 1194 2439 (Kap.
1222 2397 1278 2438 65,
1307 2395 1375 2437 16).

982 2445 1014 2476 2.
1049 2441 1240 2487 auspiciis]
1279 2438 1677 2484 ‘Unternehmungen’;

935 2489 1010 2533 vgl.
1036 2488 1192 2524 dai-iiber
1217 2487 1310 2533 Kap.
1331 2491 1388 2531 42,
1409 2490 1442 2523 5.

982 2539 1015 2570 3.
1051 2536 1148 2571 mille
1166 2535 1361 2581 passuum]
1395 2533 1480 2578 Vgl.
1513 2543 1559 2567 zu
1583 2532 1677 2577 Kap,

983 2610 1226 2676 zompzebant]
1247 2627 1461 2673 Imperfekt‚
1488 2626 1574 2661 weil
1599 2625 1678 2662 dies

938 2677 1158 2712 wiederholt
1183 2675 1355 2722 geschah.

986 2725 1101 2770 nemo]
1135 2721 1421 2769 ungewohnlich
1451 2719 1574 2756 hinter
1604 2720 1677 2756 Ro-

938 2782 1068 2807 manus
1102 2783 1185 2805 zum
1223 2769 1323 2804 Verb
1361 2767 1527 2813 gestellt,
1565 2768 1677 2803 nach-

940 2818 1175 2854 drsieklicher
1201 2817 1255 2852 als
1280 2826 1364 2852 non.
