1799 3105
95 59 150 101 78
580 60 726 96 LIBER
752 61 814 96 111.
865 59 968 96 cAP.
995 66 1050 96 46.
1077 64 1134 96 47.
1464 79 1488 98 a.
1508 80 1536 98 u.
1556 73 1658 100 e.305.

49 180 69 210 6
95 171 188 211 tum
222 169 449 211 accelerari
481 172 647 223 posset,
679 167 933 225 Verginium
967 170 1095 211 acciri
1128 184 1149 210 e
1182 170 1356 212 castris:
1388 171 1432 212 in
1465 185 1514 213 eo
1546 172 1659 214 verti

92 229 259 283 puellae
305 229 507 281 salutem,
554 229 589 269 si
633 231 807 282 postero
854 229 920 270 die
964 229 1119 270 vindex
1163 229 1343 271 iniuriae
1390 230 1443 271 ad
1487 234 1659 285 tempus

92 291 265 342 praesto
287 290 409 329 esset.
450 287 557 328 iussi
583 291 768 342 pergunt
794 288 1022 343 citatisque
1049 288 1168 343 equis
1193 289 1392 330 nuntium
1414 289 1467 330 ad
1486 293 1656 344 patrem

47 357 64 388 7
92 347 324 401 perferunt.
387 361 481 388 cum
514 346 697 388 instaret
729 348 922 389 adsertor
953 347 1138 402 puellae,
1180 350 1229 389 ut
1260 348 1497 390 vindicaret
1529 364 1656 404 spon·

94 420 293 460 soresque
326 405 463 460 daret,
497 409 624 460 atque
657 406 700 447 id
733 407 874 461 ipsum
907 409 978 462 agi
1011 406 1168 448 diceret
1194 406 1339 448 Icilius
1367 408 1515 450 sedulo
1549 412 1668 453 tem-1

91 480 170 520 pus
197 469 349 518 terens,
377 465 476 506 dum
503 466 799 519 praeciperent
823 467 907 508 iter
932 466 1073 507 nuntii
1100 466 1222 507 missi
1249 466 1293 507 in
1320 469 1472 521 castra,
1501 482 1656 510 manus

90 526 239 566 tollere
271 524 458 578 undique
491 525 739 578 multitudo,
772 528 814 566 et
846 540 889 567 se
922 526 1098 580 quisque
1131 528 1329 579 paratum
1363 526 1415 567 ad
1449 526 1656 581 sponden-

44 594 64 625 8
92 584 192 625 dum
223 583 344 626 Icilio
384 585 620 625 ostendere.
682 588 811 639 atque
849 585 922 626 ille
960 584 1306 626 lacrimabundus
1341 583 1534 640 ‘gratum
1568 585 1658 627 est’

90 643 248 697 inquit3
288 641 494 685 ‘crastina
525 643 593 684 die
626 647 769 685 vestra
801 659 932 698 opera
963 649 1080 697 utar,
1115 659 1372 699 sponsorum
1403 659 1517 687 nunc
1550 645 1659 687 satis

93 701 185 745 est-,⁹
248 702 310 743 ita
341 703 582 743 vindicatur
614 702 822 759 Verginia
855 703 1168 758 spondentibus
1201 704 1468 758 propinquis.

46 773 65 803 9
213 762 380 816 Appius
413 762 635 816 paulisper
668 766 879 816 moratus,
911 777 965 804 ne
993 763 1082 804 eius
1108 763 1169 803 rei
1196 777 1325 804 causa
1351 763 1510 804 sedisse
1541 763 1658 806 vide-

91 824 230 875 retur,
273 824 504 875 postquam
550 822 721 863 omissis
767 823 894 863 rebus
939 822 1036 863 aliis
1082 836 1185 875 prae
1227 837 1328 863 cura
1367 822 1491 864 unius
1530 837 1660 865 nemo

92 878 250 934 adibat,
283 880 455 921 domum
482 895 526 922 se
551 882 712 935 recepit
737 882 999 936 collegisque
1031 881 1074 922 in
1108 884 1250 922 castra
1283 881 1445 936 scribit,
1476 896 1530 923 ne
1551 881 1656 924 Ver-

23 951 65 981 10
93 940 213 995 ginio
247 943 531 981 commeatum
566 942 667 981 dent
698 943 827 995 atque
860 942 990 982 etiam
1022 941 1067 981 in
1100 940 1297 981 custodia
1334 940 1532 983 habeant.
1581 942 1660 982 im-

93 999 274 1053 probum
314 999 543 1041 consilium
583 1014 742 1053 serum,
786 1003 834 1041 ut
873 1000 1036 1053 debuit,
1076 999 1176 1054 fuit,
1214 1002 1257 1041 et
1293 1000 1379 1041 iam
1418 1003 1659 1042 commeatu

94 1061 264 1113 sumpto
304 1058 520 1112 profectus
553 1058 785 1114 Verginius
823 1060 961 1114 prima
998 1059 1149 1114 vigilia
1192 1061 1300 1112 erat,
1344 1074 1436 1100 cum
1484 1062 1658 1114 postero

92 1117 158 1158 die
190 1132 314 1158 mane
347 1117 396 1158 de
429 1118 652 1159 retinendo
686 1133 734 1160 eo
768 1119 1027 1173 nequiquam
1060 1119 1229 1160 litterae
1261 1118 1506 1160 redduntur.

18 1178 73 1218 47
209 1176 270 1218 At
300 1177 345 1218 in
376 1178 480 1218 urbe
519 1178 659 1231 prima
696 1179 789 1219 luce
829 1193 924 1220 cum
964 1178 1116 1219 civitas
1155 1178 1199 1218 in
1231 1178 1327 1220 foro
1360 1178 1661 1233 expectatione

91 1238 232 1278 erecta
266 1239 414 1290 staret,
441 1236 673 1292 Verginius
702 1237 946 1279 sordidatus
971 1238 1107 1279 filiam
1140 1251 1285 1278 secum
1316 1238 1510 1279 obsoleta
1540 1241 1659 1279 veste

92 1295 399 1337 comitantibus
422 1296 587 1350 aliquot
611 1297 821 1338 matronis
842 1312 938 1339 cum
965 1296 1131 1352 ingenti
1151 1296 1431 1338 advocatione
1451 1297 1496 1337 in
1515 1296 1656 1338 forum

45 1366 64 1396 2
93 1354 274 1397 deducit.
320 1355 543 1396 circumire
575 1356 635 1396 ibi
662 1359 705 1397 et
729 1370 931 1411 prensare
963 1356 1160 1397 homines
1187 1356 1328 1410 coepi-t
1353 1359 1396 1397 et
1419 1370 1507 1397 non
1534 1370 1657 1397 orare

93 1415 229 1456 solum
269 1415 507 1468 precariam
547 1429 690 1470 opem,
730 1416 802 1457 sed
835 1431 913 1471 pro
947 1415 1091 1456 debita
1121 1417 1284 1468 petere:
1324 1429 1367 1456 se
1399 1430 1476 1469 pro
1508 1415 1658 1457 liberis

92 1488 238 1515 eorum
272 1488 319 1514 ac
353 1474 606 1530 coniugibus
645 1475 822 1517 cottidie
854 1475 897 1516 in
931 1475 1021 1516 acie
1060 1477 1191 1528 stare,
1231 1488 1309 1515 nec
1346 1474 1478 1515 alium
1516 1475 1656 1515 virum

92 1547 205 1585 esse,
248 1533 366 1574 cuius
406 1536 575 1574 strenue
609 1548 657 1575 ac
688 1534 859 1576 fortiter
895 1534 1011 1575 facta
1042 1533 1087 1574 in
1119 1534 1232 1575 bello
1271 1533 1396 1587 plura
1427 1534 1657 1575 memorari

91 1595 289 1647 possent3
329 1592 430 1647 quid
469 1593 692 1647 prodesse,
731 1594 768 1635 si
800 1593 1006 1635 incolumi
1037 1592 1160 1647 urbe,
1197 1607 1305 1647 quae
1344 1595 1471 1650 capta
1503 1593 1659 1634 ultima

138 1713 170 1744 6.
209 1710 250 1743 in
281 1720 319 1744 eo
350 1710 441 1744 verti
468 1737 475 1744 .
504 1737 510 1744 .
538 1737 545 1744 .
573 1710 620 1755 si]
660 1709 834 1745 Dieselbe
955 1709 1099 1756 adibat]
1122 1709 1359 1755 ‘herantrat’,
1385 1720 1447 1743 um
1467 1709 1588 1744 Recht
1607 1721 1651 1744 zu

88 1757 296 1791 Redensart
319 1755 379 1798 32,
408 1760 462 1799 15,
484 1761 521 1799 23
549 1757 609 1801 35,
632 1761 687 1802 18,
708 1762 746 1801 8;
773 1757 833 1801 41,
907 1757 1055 1792 suchen.
1089 1777 1133 1782 -
1171 1756 1269 1791 Uber
1302 1756 1369 1791 das
1401 1756 1547 1802 Imperf.
1579 1754 1653 1802 vgl.

91 1808 148 1846 23,
176 1807 207 1838 5.
247 1803 332 1849 Vgl.
360 1803 452 1849 Kap.
480 1808 536 1847 27,
565 1808 595 1839 7.
909 1816 952 1839 zu
978 1805 1071 1849 Kap.
1099 1807 1155 1847 38,
1185 1808 1239 1838 12.

135 1851 284 1897 vindex]
320 1850 545 1887 Beschfitzer
574 1863 657 1897 vor,
689 1852 831 1887 Vertei-

89 1899 195 1943 diget
220 1910 350 1944 gegen.

137 1950 167 1981 7.
199 1947 354 1992 puellae]
389 1946 496 1989 Gen.;
531 1959 574 1981 zu
599 1948 752 1982 instaret
783 1946 834 1982 ist

89 1994 200 2028 Icilio
225 1995 280 2028 als
307 1993 446 2038 Objekt
471 2006 514 2028 zu
540 1994 698 2029 denken.

135 2045 176 2075 ut
201 2042 420 2087 vindicaret]
442 2052 481 2075 er
500 2041 592 2076 solle
607 2041 659 2076 sie
679 2042 717 2076 in
732 2041 832 2076 Frei-

88 2088 169 2122 heit
212 2092 335 2123 setzen
374 2087 451 2123 und
493 2087 643 2133 Burgen
687 2089 831 2131 stellen,

954 1874 1017 1911 47.
1046 1879 1063 1909 1
1097 1875 1341 1920 eoepectatione
1360 1875 1490 1922 erecta]
1513 1874 1652 1919 1,54,8

906 1934 985 1958 cam
1018 1924 1120 1968 plebs
1153 1923 1195 1957 in
1230 1923 1310 1965 foro
1343 1926 1458 1958 erecta
1489 1926 1653 1967 expecta-

905 1971 1002 2005 tione
1037 1973 1168 2011 staret;
1213 1970 1280 2009 21,
1317 1973 1379 2013 20,
1412 1973 1433 2004 9
1472 1971 1654 2005 civitatem

906 2029 1042 2053 omnem
1086 2018 1330 2062 expectatione
1374 2017 1458 2051 belli
1500 2021 1652 2052 erectam

905 2067 1141 2107 invenerant,·
1178 2064 1246 2107 37,
1275 2068 1311 2107 1,
1339 2067 1359 2098 9
1393 2075 1472 2098 cum
1502 2075 1558 2099 res
1590 2075 1652 2099 ex-

899 2114 1104 2157 pectatione
1141 2112 1349 2146 certaminis
1382 2114 1547 2146 senatum
1580 2122 1650 2146 ere-

89 2135 229 2188 welche
268 2135 347 2170 sich
386 2148 449 2169 zur
480 2135 695 2188 Bezahlung
732 2137 833 2171 einer
904 2160 1034 2194 wissa,
1060 2158 1110 2193 26
1142 2162 1185 2192 22
1219 2162 1249 2193 5·
1285 2158 1433 2203 Vg1.zu
1452 2157 1546 2204 Kap.
1570 2162 1587 2193 1
1617 2163 1649 2193 2·

89 2183 327 2217 bestimmten
357 2183 507 2217 Summe
538 2183 831 2228 verpflichteten,
952 2186 1145 2258 mat’mni’s]
1185 2187 1244 2246 'Sie
1284 2212 1417 2246 wollen
1452 2186 1651 2257 bezeugzm,

88 2229 174 2264 falls
200 2229 380 2274 Verginia
404 2229 509 2265 nicht
534 2242 615 2264 zum
643 2234 829 2275 angesetz-
1110 2260 1116 2265 .
1151 2258 1157 2263 .
1492 2258 1499 2265 .

87 2279 150 2311 ten
170 2276 341 2312 Termine
361 2289 427 2312 vor
445 2277 597 2312 Gericht
616 2277 831 2312 erscheinen
904 2257 1201 2342 gzssmivtgssigaffnilsat.
1217 2258 1282 2294 das
1316 2260 1423 2294 echte
1455 2259 1554 2293 Kmd
1586 2260 1652 2294 der

87 2325 224 2406 wqrde.
297 2375 311 2406 t
456 2372 487 2406 V
517 2373 529 2406 l
631 2371 664 2406 Κ
745 2376 762 2406 7
798 2376 817 2406 3
953 2366 1032 2390 cum
1056 2355 1198 2400 inqenti
1223 2354 1473 2400 advocatione]
1501 2371 1545 2383 =
1570 2365 1651 2389 cum

151 2383 273 2417 empus
314 2372 428 2418 erens]
491 2384 540 2417 g.
568 2384 612 2406 zu
665 2383 722 2416 ap.
768 2399 776 2415 ,
823 2401 829 2407 .
903 2403 1045 2447 mmmm.
1095 2402 1328 2436 multitudine
1372 2402 1651 2443 advocatorum,-

130 2424 383 2476 PT‘'e⁶²1³ere⁷.².t
432 2420 515 2483 nes]
546 2419 724 2501 d‘emegira
739 2419 830 2501 ZZ-
903 2449 1149 2484 Abstraktum
1177 2452 1271 2484 statt
1295 2447 1545 2492 Konkretum,
1577 2447 1649 2483 wie

88 2479 226 2512 sprung
270 2479 501 2512 gewannen‚
573 2478 594 2502 a
634 2479 657 2501 V
726 2479 749 2501 u
906 2497 959 2532 oft
984 2497 1190 2532 coniuratio
1217 2498 1311 2531 statt
1336 2496 1531 2532 coniurati.

88 2515 199 2549 seben
220 2526 307 2558 war,
333 2511 407 2548 d'ass
433 2515 528 2549 auch
548 2515 691 2559 Appius
714 2515 830 2549 Boten

88 2562 275 2596 absenden
319 2562 462 2605 wfirde,
507 2562 636 2597 sobald
681 2572 720 2596 er
764 2561 829 2595 das
952 2560 984 2590 2·
1009 2555 1230 2601 precariam]
1260 2556 1341 2590 ‘aus
1368 2553 1648 2607 Gefalligkeit'3

88 2609 222 2644 Forum
249 2609 439 2643 verlassen
465 2609 579 2644 hatte.
906 2602 1113 2648 Gegensatz
1150 2614 1222 2647 pro
1266 2604 1404 2645 debita,
1451 2601 1521 2636 ‘als
1565 2611 1648 2636 elne

136 2660 166 2691 8.
194 2656 506 2702 lacrimabundus]
534 2656 608 2691 Das
635 2655 742 2690 Wort
766 2656 829 2690 fin·
905 2649 1195 2704 Sebuldigkeit’.

89 2704 152 2737 det
183 2704 261 2738 sich
293 2716 360 2738 nur
392 2704 473 2738 hier
506 2704 580 2738 und
607 2703 743 2738 einmal
772 2703 830 2738 bei
952 2697 1089 2743 liberis]
1142 2697 1295 2731 Warum
1351 2695 1647 2748 vorangestellt?

89 2750 260 2785 Laetam,
295 2750 378 2795 Vgl,
405 2763 448 2785 zu
473 2750 567 2796 Kap
595 2755 628 2792 3,
657 2755 710 2785 10,
767 2786 770 2788 .
903 2744 992 2788 (vgl.
1019 2744 1112 2789 Kap.
1139 2748 1196 2787 45,
1220 2746 1273 2788 8);
1300 2743 1467 2787 h'aufiger
1491 2745 1540 2776 ist
1566 2753 1648 2778 eon·

137 2801 167 2831 9.
200 2799 343 2843 sedisse]
373 2798 448 2833 scil.
477 2800 518 2833 in
544 2798 741 2841 tribunali,
767 2810 828 2832 um
902 2793 1003 2837 iuyes
1027 2803 1071 2826 ac
1097 2792 1201 2826 liberi
1226 2791 1333 2835 (Kap.
1361 2794 1418 2833 52,
1444 2792 1490 2832 4).

88 2844 208 2878 Recht
233 2857 277 2878 zu
302 2844 491 2889 sprechen.
951 2845 1039 2889 quid
1057 2844 1242 2889 prodesse]
1271 2843 1387 2887 Infin.,
1413 2843 1498 2878 weil
1523 2843 1647 2878 rheto-
