1799 3105
57 652 99 683 10
126 640 366 695 pugnandi3
404 654 457 681 116
495 637 678 680 timete'.

117 60 145 100 4
643 58 790 93 LIBER
813 57 876 92 111.
927 56 1028 93 CAP.
1055 61 1087 92 2.
1114 61 1146 92 3.

1475 75 1501 92 a.
1523 75 1552 93 u.
1573 74 1599 94 e.
1620 68 1683 94 289.

247 167 365 217 Quae
392 167 467 209 ubi
492 166 676 209 Romam
704 167 804 206 sunt
823 164 1032 219 nuntiata,
1058 164 1295 219 indignitas
1315 164 1376 206 rei
1396 166 1535 221 magis
1557 180 1684 221 quam

127 227 364 283 periculum
404 226 621 268 consulem
661 225 843 266 alterum
885 224 937 265 ab
982 224 1087 265 urbe
1132 223 1298 265 excivit.

1360 224 1424 265 ita
1463 225 1546 267 duo
1586 240 1685 268 con-

125 287 289 328 sulares
323 286 533 327 exercitus
573 284 623 325 ad
663 284 833 325 hostem
873 297 1087 325 accessere
1120 282 1208 324 acie
1240 283 1468 338 instructa,
1506 286 1555 326 ut
1587 298 1686 327 con-

75 357 96 388 8
123 345 268 387 festim
311 345 576 386 dimicarent.

640 342 712 384 sed
752 357 847 384 cum
887 342 997 383 forte
1039 341 1153 383 haud
1191 341 1373 382 multum
1416 342 1498 384 diei
1537 358 1685 398 super-

124 408 248 459 esset,
280 419 388 445 unus
422 403 475 444 ab
510 402 697 444 statione
729 401 919 443 hostium
960 402 1189 442 exclamat:
1229 399 1464 442 ‘ostentare
1494 401 1577 444 hoc
1609 405 1686 458 est,

75 475 96 507 9
123 463 330 517 Romani,
375 476 462 503 non
507 475 653 517 gerere
696 461 869 502 bellum.

938 460 984 501 in
1015 462 1185 501 noctem
1218 460 1514 501 imminentem
1551 461 1687 503 aciem

123 522 356 575 instruitis3
393 521 590 576 longiore
631 521 724 562 11106
763 519 816 561 ad
854 519 896 560 id
935 522 1170 573 certamen,
1210 518 1322 573 quod
1360 518 1516 574 instat,
1559 520 1685 562 nobis

126 596 231 635 opus
266 583 341 622 est.
393 580 579 621 crastino
614 579 680 621 die
714 579 876 621 oriente
910 579 998 620 sole
1031 578 1165 619 redite
1198 578 1242 619 in
1268 577 1421 633 aciem3
1455 578 1536 620 erit
1562 579 1686 634 copia

749 638 817 680 his
863 637 1039 679 vocibus
1085 637 1290 679 inritatus
1329 637 1451 678 miles
1491 638 1536 678 in
1574 637 1688 679 diem

125 703 348 754 posterum
394 699 438 739 in
484 701 625 740 castra
668 697 901 751 reducitur,
949 697 1126 751 longam
1165 696 1309 737 venire
1346 698 1516 738 noctem
1555 698 1690 752 ratus,

127 773 235 814 quae
278 772 443 800 moram
489 757 737 799 certaminis
779 756 950 799 faceret.

1021 758 1113 797 tum
1157 755 1329 809 quidem
1371 770 1550 810 corpora
1592 755 1687 798 cibo

126 832 362 872 somnoque
390 819 550 858 curant.
600 817 674 858 ubi
700 815 857 857 inluxit
881 818 1055 870 postero
1084 814 1163 868 die,
1194 814 1312 868 prior
1339 814 1562 869 aliquanto
1589 829 1688 856 con-

58 889 99 919 11
129 878 242 918 stitit
279 876 477 918 Romana
516 876 651 929 acies3
694 874 866 916 tandem
908 876 950 915 et
989 874 1127 928 Aequi
1158 887 1415 927 processere.

1475 873 1689 927 proelium

127 936 209 977 fuit
239 936 454 990 utrimque
479 935 722 988 vehemens,
755 933 868 989 quod
901 936 944 974 et
968 932 1189 974 Romanus
1221 932 1287 973 ira
1312 932 1494 987 odioque
1524 945 1689 987 pugna-

129 995 217 1048 bat,
250 997 294 1036 et
326 995 500 1049 Aequos
533 993 797 1035 conscientia
828 991 1040 1034 contracti
1081 991 1207 1045 culpa
1243 990 1422 1045 periculi
1461 992 1504 1032 et
1543 991 1690 1046 despe-

128 1055 239 1095 ratio
261 1053 433 1095 futurae
455 1053 538 1095 sibi
564 1055 715 1107 postea
736 1051 833 1093 fidei
858 1052 1013 1093 ultima
1039 1050 1193 1092 audere
1220 1053 1263 1091 et
1288 1050 1471 1104 experiri
1497 1050 1690 1106 cogebat.

62 1126 106 1156 12
133 1127 222 1154 11011
252 1115 399 1154 tamen
432 1112 676 1154 sustinuere
715 1111 852 1153 aciem
889 1109 1130 1151 Romanam
1173 1109 1329 1165 Aequi;
1365 1108 1562 1163 pulsique
1594 1124 1692 1151 cum

132 1172 177 1213 in
209 1172 316 1213 fines
359 1186 459 1213 suos
501 1185 544 1212 se
582 1171 858 1224 recepissent,
897 1169 1034 1211 nihilo
1072 1168 1417 1210 inclinatioribus
1457 1168 1511 1209 ad
1542 1183 1693 1222 pacem

133 1231 287 1272 animis
325 1230 446 1272 ferox
484 1229 717 1272 multitudo
755 1229 977 1283 increpare
1009 1228 1154 1282 duces,
1192 1227 1305 1281 quod
1342 1227 1387 1268 in
1419 1227 1572 1282 aciem,
1609 1241 1694 1282 qua

63 1302 106 1334 13
133 1289 358 1345 pugnandi
398 1292 489 1331 arte
529 1288 750 1330 Romanus
796 1288 993 1341 excellat,
1032 1287 1263 1328 commissa
1299 1301 1367 1327 res
1407 1286 1480 1328 sit:
1519 1285 1692 1341 Aequos

133 1348 490 1403 populationibus
524 1347 927 1401 incursionibusque
959 1346 1158 1387 meliores
1192 1359 1297 1399 esse,
1329 1347 1372 1386 et
1404 1346 1564 1387 multas
1596 1359 1695 1399 pas-

130 1408 212 1449 sim
245 1422 398 1449 manus
432 1422 561 1462 quam
593 1420 794 1462 magnam
823 1406 980 1446 molem
1006 1406 1132 1447 unius
1159 1405 1368 1446 exercitus
1394 1404 1554 1446 rectius
1579 1403 1695 1445 bella

130 1481 289 1523 gerere.

249 1525 417 1567 Relicto
445 1525 590 1579 itaque
617 1524 770 1566 castris
796 1522 1010 1577 praesidio
1038 1522 1200 1577 egressi
1225 1524 1348 1563 tanto
1375 1535 1472 1562 cum
1504 1522 1694 1562 tumultu

131 1586 328 1626 invasere
366 1584 472 1625 fines
511 1584 748 1636 Romanos,
786 1585 834 1623 ut
872 1582 925 1624 ad
961 1582 1112 1623 urbem
1150 1595 1320 1636 quoque
1359 1583 1566 1622 terrorem
1598 1594 1695 1634 per-

133 1701 241 1746 birge
266 1700 327 1735 bei
348 1699 550 1734 Tusculum
569 1698 609 1733 in
627 1698 788 1743 Latium,
813 1698 878 1732 der

133 1747 393 1792 gewohnliche
437 1745 685 1791 Kampfplatz·
726 1746 764 1780 in
808 1745 879 1780 den

133 1795 295 1840 Kriegen
345 1794 410 1829 der
459 1793 586 1838 Aquer
640 1803 762 1838 gegen
818 1792 878 1827 die

131 1843 278 1877 Romer.

183 1894 213 1924 7.
235 1889 458 1934 periculum]
493 1887 571 1923 scil.
603 1887 782 1922 Romanis
813 1887 878 1922 im-

133 1937 284 1972 minens.

182 1984 228 2019 ab
253 1984 342 2019 urbe
366 1983 513 2028 excivit]
542 1999 586 2011 =
611 1982 733 2024 movit,
769 1985 811 2017 ut
836 1982 881 2016 ab

136 2032 224 2066 urbe
249 2031 374 2073 exiret,
407 2030 534 2065 indem
563 2029 785 2073 ‘wegrufen’
813 2041 884 2063 nur

136 2089 210 2113 von
249 2079 370 2113 einem
408 2077 477 2111 mit
514 2075 754 2111 Bewusstsein
791 2076 881 2110 han-

138 2125 299 2160 delnden
327 2123 485 2170 Subjekt
511 2123 719 2168 gebraucht
744 2123 845 2157 wird.

186 2176 217 2206 9.
244 2173 286 2206 in
311 2175 449 2206 noctem
468 2170 760 2216 imminentem]‘
764 2180 883 2214 gegen

139 2219 316 2254 Anbruch
350 2219 415 2253 der
452 2217 605 2260 Nacht’‚
646 2228 684 2252 so
723 2215 798 2252 dass
831 2217 883 2251 sie

138 2266 236 2301 nach
253 2266 384 2300 kurzer
398 2265 480 2300 Zeit
498 2268 608 2299 unter
622 2265 706 2298 dem
727 2264 884 2298 Schutze

139 2314 205 2348 der
238 2313 362 2348 Nacht
401 2312 508 2347 einen
543 2310 884 2346 unentschiedenen

141 2361 282 2405 Kampf
292 2360 504 2396 abbrechen
519 2359 607 2394 oder
620 2358 755 2394 fliehen
769 2359 884 2392 konn-

140 2409 221 2443 ten:
248 2407 318 2450 21,
347 2411 407 2451 59,
435 2411 456 2442 8
488 2417 562 2441 noae
584 2406 764 2451 proelium
790 2406 884 2440 dire-

140 2456 226 2497 mi&
252 2454 312 2498 44,
327 2458 385 2497 42,
401 2459 421 2490 9
440 2455 632 2489 imminens
650 2464 725 2488 nox
743 2453 885 2498 fuyien-

140 2506 191 2538 tes
215 2503 314 2538 tescit.

188 2561 233 2584 ne
266 2549 481 2595 timete]=
520 2549 631 2583 nolite
667 2548 805 2590 timere,
842 2558 886 2582 ne

142 2597 353 2639 timueritis,
388 2596 465 2631 scil
493 2607 537 2630 ne
563 2595 668 2640 copia
690 2594 887 2639 pugnandi

142 2654 218 2678 non
242 2644 299 2679 sit.
327 2643 400 2678 Der
426 2643 628 2687 Imperativ
649 2642 713 2676 der
733 2645 764 2675 2
786 2641 883 2676 Pers.

144 2690 240 2725 nach
260 2702 304 2725 ne
324 2691 372 2725 ist
392 2690 583 2725 archaisch
603 2700 638 2724 u.
660 2687 886 2723 dichterisch

147 2749 180 2771 u.
208 2737 323 2772 findet
349 2738 427 2772 sich
455 2739 558 2772 sonst
583 2736 643 2771 bei
668 2735 747 2770 Liv.
768 2735 884 2770 nicht.

195 2787 249 2817 10.
285 2784 400 2830 miles]
443 2783 669 2819 kollektiver
702 2783 802 2827 Sing.
842 2784 885 2818 st.

145 2831 288 2874 milites,
313 2831 383 2865 wie
410 2831 464 2866 oft
489 2831 600 2866 hostis
626 2832 670 2865 st.
696 2831 821 2865 hostes.

999 1697 1152 1743 moram]
1180 1696 1267 1731 Man
1286 1696 1444 1732 beachte
1458 1695 1518 1730 die
1531 1695 1695 1731 Redens-

953 1746 1059 1780 arten
1083 1754 1221 1779 moram
1245 1744 1364 1787 facere
1394 1743 1464 1778 mit
1489 1742 1580 1778 Gen.
1607 1742 1697 1778 oder

952 1793 1035 1827 Dat.
1064 1792 1172 1836 (Kap.
1195 1794 1251 1834 69,
1274 1792 1330 1834 10)
1358 1791 1432 1825 1111(1
1457 1801 1611 1835 corpora
1635 1800 1696 1825 cu-

951 1850 1036 1875 rare
1077 1838 1173 1873 ‘sich
1207 1838 1370 1883 pflegen,
1403 1837 1583 1881 starken’,
1618 1848 1694 1872 was

952 1887 1024 1922 den
1045 1886 1222 1921 Soldaten
1247 1885 1304 1921 oft
1327 1896 1395 1921 vor
1415 1884 1639 1920 Schlachten
1660 1896 1696 1919 u.

952 1933 1147 1968 Marschen
1160 1932 1335 1968 befohlen
1350 1931 1442 1966 wird
1457 1931 1565 1976 (Kap.
1577 1935 1633 1975 60,
1650 1931 1695 1976 7).

1005 1985 1059 2015 11.
1086 1980 1291 2026 Romanus]
1323 1978 1549 2014 kollektiver
1575 1978 1696 2023 Sing.;

956 2029 1126 2072 dagegen
1145 2027 1301 2073 Aequos,
1327 2026 1411 2061 weil
1431 2036 1469 2060 es
1489 2026 1598 2060 hiezu
1619 2025 1698 2060 kei-

954 2085 1028 2110 nen
1055 2075 1155 2119 Sing.
1182 2074 1286 2119 giebt
1320 2073 1409 2118 (vgl.
1435 2072 1528 2117 Kap.
1554 2076 1588 2117 4,
1614 2076 1634 2107 3
1661 2084 1696 2107 u

1004 2168 1130 2251 culpa3]
1155 2168 1286 2202 ‘durch
1308 2167 1468 2212 eigene
1489 2166 1588 2201 Sch?
1595 2165 1697 2210 ,Cic.

957 2215 1064 2251 Tusc.
1175 2218 1195 2257 ξ
1233 2218 1277 2249 52
1323 2216 1431 2258 culpa
1474 2216 1699 2249 contractum

956 2264 1093 2298 malum
1104 2220 1384 2309 3ae9ritudiowm
1403 2262 1577 2297 acriorem
1595 2261 1699 2304 facit

1007 2315 1061 2345 12.
1089 2311 1131 2345 in
1154 2311 1244 2353 fines
1268 2310 1368 2355 suos]
1395 2308 1520 2344 indem
1545 2308 1610 2343 der
1635 2308 1699 2343 Al-

957 2357 1066 2403 gidus
1093 2359 1127 2402 (§
1155 2358 1190 2402 6)
1216 2368 1261 2391 zu
1287 2356 1434 2391 Latium
1460 2356 1626 2400 gehorte.

1004 2405 1215 2450 multitudo]
1253 2404 1331 2439 scil.
1363 2404 1538 2446 militum,
1570 2412 1700 2448 wegen

959 2453 1024 2487 des
1051 2451 1304 2497 Gegensatzes
1330 2463 1374 2486 zu
1398 2451 1514 2486 duces.

1006 2500 1048 2534 in
1082 2500 1194 2534 aciem
1231 2498 1465 2534 committitur
1501 2507 1575 2539 res,
1612 2506 1699 2530 man

957 2545 1041 2581 lasst
1066 2546 1145 2581 sich
1170 2545 1209 2580 111
1236 2545 1317 2581 61116
1341 2543 1603 2580 Feldschlacht
1627 2542 1698 2577 ein.

1008 2598 1062 2629 13
1084 2593 1241 2639 passim]
1275 2592 1350 2627 Das
1376 2591 1524 2626 Adverb
1556 2590 1606 2624 ist
1630 2589 1700 2624 wie

960 2640 1020 2675 ein
1052 2640 1199 2675 zweites
1233 2639 1412 2685 AdJ'ektiv
1444 2636 1680 2682 (‘zerstreut’
1686 2638 1699 2682 )

959 2688 1145 2723 zwischen
1169 2686 1252 2732 Adj.
1281 2698 1312 2720 u.
1341 2685 1463 2719 Subst.
1488 2683 1651 2729 gestellt.

1006 2734 1296 2779 3.1.e9ress2]
1342 2731 1419 2767 scil.
1466 2731 1613 2773 castris,
1658 2741 1701 2766 ex

957 2783 1097 2818 castris.

1007 2828 1185 2873 invasere]
1211 2827 1383 2862 invadere
1402 2825 1492 2860 wird
1514 2836 1586 2860 von
1607 2824 1699 2869 Liv„
