1799 3105
98 85 155 126 22
607 82 753 118 LIBER
777 82 840 118 111.
892 81 993 119 CAP.
1022 86 1075 116 12.

1452 97 1478 116 a.
1500 98 1528 116 u.
1547 97 1573 116 ο.
1594 91 1656 117 293.

53 205 72 235 3
100 194 264 247 decora,
297 192 554 234 adfirmabat
585 205 720 244 neque
759 191 802 231 in
841 189 1042 238 Quinctia
1079 192 1207 244 gente
1238 203 1375 244 neque
1408 189 1452 230 in
1484 188 1658 231 civitate

99 253 295 294 Romana
325 255 495 292 tantam
528 250 715 290 indolem
747 251 837 290 tam
869 250 1065 289 maturae
1096 247 1269 289 virtutis
1308 262 1511 302 umquam
1549 247 1656 289 exti-

99 313 204 354 tisse
227 335 280 341 —
304 324 427 352 suum
447 309 635 364 primum
656 308 837 349 militem
858 307 1002 361 fuisse,
1036 321 1080 347 se
1102 320 1229 360 saepe
1248 306 1419 348 vidente
1443 320 1658 362 pugnasse

52 380 74 412 4
101 372 145 413 in
176 371 345 412 hostem
372 392 441 419 —,
475 367 544 422 Sp.
571 366 737 421 Furius,
769 367 949 408 missum
977 366 1030 407 ab
1058 365 1258 414 Quinctio
1294 364 1540 418 Capitolino
1574 365 1659 407 sibi

102 444 198 472 eum
243 430 287 470 in
332 427 472 469 dubiis
518 427 606 468 suis
644 426 770 467 rebus
811 425 980 467 venisse
1020 424 1228 478 subsidio,
1272 424 1487 465 neminem
1525 437 1659 465 unum

53 498 74 530 5
102 503 207 542 esse,
240 487 357 529 cuius
390 486 531 540 magis
570 499 700 540 opera
736 486 860 539 putet
895 498 986 525 rem
1025 483 1282 524 restitutam.
1343 482 1389 524 L.
1421 482 1659 537 Lucretius,

99 547 248 590 consul
288 546 386 586 anni
425 545 597 598 prioris,
634 537 813 585 recenti'
835 543 974 599 gloria
1006 543 1168 596 nitens,
1206 556 1306 583 suas
1345 541 1492 583 laudes
1525 541 1655 595 parti-

100 607 243 661 cipare
276 619 371 646 cum
405 602 615 656 Caesone,
656 616 891 644 memorare
923 615 1110 656 pugnas,
1146 601 1305 642 referre
1345 600 1520 655 egregia
1556 599 1657 642 faci-

52 676 73 707 6
99 680 205 707 nora
235 678 349 705 nunc
380 663 422 704 in
457 661 798 716 expeditionibus
830 675 942 702 nunc
973 662 1018 702 in
1051 660 1154 713 acie,
1191 659 1366 701 suadere
1399 661 1442 700 et
1472 672 1657 712 monere,

99 725 295 766 iuvenem
335 722 575 777 egregium,
620 721 878 762 instructum
920 722 1101 761 naturae
1139 718 1420 773 fortunaeque
1459 717 1658 759 omnibus

99 783 236 836 bonis,
269 782 505 823 maximum
532 782 796 822 momentum
822 793 965 820 rerum
992 779 1082 819 eius
1109 777 1309 831 civitatis,
1341 778 1386 818 in
1413 791 1661 832 quamcum-

53 847 72 878 7
101 857 182 898 que
214 842 422 898 venisset,
462 854 585 881 suum
624 853 751 893 quam
790 839 975 879 alienum
1008 836 1188 877 mallent
1219 836 1355 877 civem
1395 850 1507 890 esse3
1547 834 1662 890 quod

101 901 289 943 offendat
313 900 359 941 in
385 913 448 952 eo,
479 899 690 939 fervorem
718 901 760 938 et
787 897 1022 948 audaciam,
1057 897 1242 937 aetatem
1268 894 1441 936 cottidie
1475 893 1662 947 auferre3

100 960 213 1016 quod
246 958 520 1011 desideretur,
553 957 798 1010 consilium,
829 955 872 996 id
905 955 950 996 in
982 955 1072 995 dies
1105 968 1311 1007 crescere,
1343 952 1661 994 senescentibus

100 1019 239 1072 vitiis,
276 1018 592 1059 maturescente
632 1016 789 1057 virtute
831 1014 1021 1055 sinerent
1057 1015 1228 1054 tantum
1269 1013 1408 1053 virum
1440 1025 1585 1052 senem
1616 1011 1663 1052 in

55 1082 76 1114 8
104 1078 277 1120 civitate
321 1077 426 1117 fieri.

488 1077 610 1129 pater
654 1075 767 1115 inter
809 1073 890 1115 hos
930 1072 974 1114 L.
1015 1071 1257 1124 Quinctius,
1296 1071 1362 1112 cui
1402 1068 1662 1111 Cincinnato

104 1150 343 1192 cognomen
382 1137 491 1188 erat,
529 1148 617 1175 non
654 1132 848 1174 iterando
881 1132 1046 1186 laudes,
1083 1145 1136 1172 ne
1169 1130 1408 1171 cumularet
1438 1129 1662 1182 invidiam,

102 1197 175 1238 sed
208 1195 377 1236 veniam
410 1194 544 1235 errori
577 1195 706 1247 atque
739 1191 1053 1233 adulescentiae
1091 1189 1292 1244 petendo,
1338 1188 1439 1242 sibi,
1472 1188 1544 1242 qui
1576 1201 1663 1229 non

102 1255 228 1308 dicto,
259 1268 348 1296 non
380 1253 493 1294 facto
527 1265 784 1306 quemquam
817 1250 1077 1303 offendisset,
1109 1251 1157 1289 ut
1188 1247 1482 1290 condonarent
1512 1247 1662 1299 filium,

53 1318 74 1350 9
102 1315 265 1356 orabat.
304 1312 376 1354 sed
412 1312 486 1353 alii
518 1311 828 1352 aversabantur
860 1323 1007 1363 preces
1041 1310 1116 1349 aut
1141 1306 1397 1348 verecundia
1423 1308 1496 1347 aut
1526 1308 1664 1358 metu,

101 1373 191 1427 alii,
225 1387 268 1414 se
302 1385 486 1424 suosque
518 1369 728 1411 mulcatos
768 1371 1011 1423 querentes,
1052 1366 1191 1421 atroci
1217 1379 1424 1423 responso
1457 1365 1661 1405 iudicium

101 1447 225 1473 suum
258 1430 570 1485 praeferebant.

148 1564 179 1594 3.
206 1559 328 1605 suum]
359 1555 644 1601 begrfindendes
678 1553 844 1598 Asynde-

99 1608 183 1642 ton:
210 1618 249 1641 er
276 1607 382 1640 wisse
410 1604 486 1646 das,
513 1603 621 1638 denn.

143 1665 322 1710 primum]
344 1662 506 1705 Adverb,
532 1661 741 1706 Gegensatz
761 1671 845 1694 zum

101 1712 353 1767 nachherigen
373 1709 632 1754 Kriegsdienst
652 1709 759 1742 unter
775 1705 846 1740 Fu-

100 1772 187 1841 nu43..
215 1806 277 1850 Sp.
306 1804 466 1851 erius]
501 1803 579 1838 scil.
612 1801 842 1844 adfirmabat.

104 1854 172 1888 Die
210 1853 385 1896 Sendung
423 1851 488 1886 des
521 1850 615 1885 Caso
653 1848 845 1891 Quinctius

101 1900 196 1936 wird
221 1900 272 1934 im
297 1899 390 1944 Kap.
418 1903 438 1933 5
464 1898 569 1932 nicht
594 1896 772 1932 erwahnt.

149 1960 326 1995 neminem
360 1957 491 2004 unum]
527 1956 614 1992 kein
649 1954 845 1997 einzelner,

102 2018 150 2041 an
177 2012 196 2042 6
225 2006 367 2041 Stellen
392 2005 453 2040 bei
478 2003 614 2039 Livius.

151 2069 183 2099 5.
207 2063 450 2109 patticipare]
478 2062 562 2107 Vgl.
583 2061 616 2106 2,
639 2065 695 2105 52,
716 2064 736 2095 8
758 2071 847 2104 par-

102 2112 290 2156 ticipando
316 2112 450 2146 laudes.

151 2181 246 2205 nun.
263 2199 270 2205 .
288 2169 418 2215 muno]
447 2169 537 2212 Kap.
559 2170 616 2209 21,
642 2170 659 2200 1
682 2177 715 2199 u.
737 2168 794 2208 49,
809 2168 846 2207 23

102 2217 165 2253 bei
178 2216 304 2251 Livius
318 2215 393 2251 viel
408 2215 573 2259 n'aufiger
595 2213 650 2247 als
671 2212 774 2246 modo
792 2239 799 2245 .
815 2239 821 2245 .
839 2238 846 2245 .

104 2265 218 2300 modo.
245 2264 334 2298 Was
353 2262 413 2296 fiir
433 2262 492 2296 ein
507 2260 661 2296 Satzteil
679 2259 729 2293 ist
750 2268 849 2293 nunc

104 2313 147 2347 in
171 2310 485 2356 eccpeditionibus?

154 2364 184 2394 6.
212 2355 364 2401 moner‘e]
392 2355 571 2390 zuweilen
595 2353 665 2388 mit
695 2351 848 2387 blossem

106 2404 337 2450 Konjunktiv
363 2404 460 2438 ohne
485 2406 535 2438 ut.

154 2465 355 2499 maximum
373 2465 588 2496 momentum
609 2459 745 2504 rernm]
769 2458 850 2492 eine

108 2512 382 2556 Hauptperson.
423 2509 507 2553 Vgl.
534 2507 593 2551 28,
623 2511 677 2549 17,
708 2509 751 2540 10
776 2516 851 2540 ma-

108 2569 220 2603 ynum
263 2559 304 2592 in
346 2557 469 2592 omnia
522 2557 737 2590 momentum
782 2552 850 2597 Sy-

103 2606 218 2650 phax.

157 2651 322 2697 venisset]
357 2660 464 2685 wenn
498 2660 537 2683 er
568 2647 764 2683 verurteilt
800 2646 856 2680 ins

111 2698 195 2732 Exil
221 2699 311 2742 ging
338 2710 372 2731 u.
400 2696 479 2731 sich
505 2696 543 2730 in
570 2694 692 2730 einem
717 2693 857 2728 andern

115 2745 243 2780 Staate
271 2745 325 2779 als
351 2744 492 2788 Bfirger
517 2739 733 2777 niederliess.

163 2807 192 2838 7.
221 2802 396 2848 offendat]
412 2802 577 2836 absolut:
600 2798 769 2843 anstosse,
784 2800 858 2833 An-

118 2847 203 2885 stoss
231 2860 374 2893 errege,
400 2848 435 2892 4,
462 2853 518 2892 42,
544 2852 577 2883 2.

965 1552 1126 1599 auferre]
1153 1551 1259 1586 nicht
1278 1551 1406 1593 Futur,
1433 1549 1519 1584 weil
1545 1549 1661 1594 allge-

920 1602 1020 1634 mein
1046 1600 1191 1644 gultige
1217 1598 1438 1642 Erfahrung.

966 1663 998 1694 8.
1015 1658 1250 1701 Cincinnato]
1265 1657 1459 1692 cincinnus
1473 1654 1533 1689 die
1549 1654 1666 1689 Haar-

919 1706 1042 1748 locke,
1070 1706 1311 1749 ,cincinnatus
1347 1704 1417 1738 mit
1451 1701 1664 1747 gekr'ausel-

917 1755 995 1788 tem
1020 1752 1130 1788 Haar.

966 1812 1081 1847 errori
1117 1815 1223 1856 atque
1261 1808 1543 1854 adulescentiae]
1586 1806 1668 1841 ‘fiir

919 1859 1019 1894 seine
1047 1857 1290 1904 jugendliche
1321 1855 1563 1900 Verirrung’3
1602 1854 1664 1898 31,

921 1910 975 1950 11,
993 1910 1034 1940 13
1050 1909 1260 1940 eoecusantes
1279 1914 1433 1939 errorem
1459 1903 1666 1938 adulescen-

919 1955 1087 1998 tiamque.

967 2010 1230 2056 condonarent]
1241 2008 1484 2054 begnadigen,
1497 2007 1566 2042 mit
1581 2006 1667 2041 Dat.

921 2059 986 2094 der
1016 2059 1170 2100 Person,
1208 2058 1273 2091 der
1304 2056 1508 2100 zugunsten
1536 2065 1574 2088 es
1603 2063 1666 2099 ge-

921 2105 1066 2141 schieht
1091 2105 1200 2148 (Kap.
1228 2106 1283 2147 58,
1311 2105 1358 2146 3).

969 2169 1000 2200 9.
1029 2161 1308 2207 aversabantur]
1337 2161 1413 2195 Das
1439 2160 1539 2194 Verb
1566 2169 1668 2194 aver-

919 2212 999 2247 sari
1037 2213 1124 2255 (von
1161 2208 1240 2243 sich
1277 2208 1428 2249 weisen)
1473 2206 1671 2242 verbindet

921 2257 1048 2293 Livius
1079 2259 1201 2291 zuerst
1233 2255 1303 2290 mit
1335 2256 1420 2289 dem
1452 2255 1558 2297 Acc.,
1589 2252 1672 2287 hier

922 2307 986 2340 der
1012 2304 1142 2346 Sache,
1168 2303 1279 2338 meist
1304 2302 1368 2336 der
1388 2301 1544 2336 Person:
1571 2299 1665 2344 Kap.

923 2357 977 2396 50,
1004 2356 1042 2395 53
1070 2351 1104 2395 8,
1131 2355 1162 2393 7,
1191 2354 1252 2392 143
1279 2349 1338 2392 26,
1365 2352 1421 2391 31,
1448 2351 1481 2382 4.

971 2414 1036 2445 aut
1078 2409 1296 2445 verecwndia
1339 2410 1405 2442 aut
1447 2405 1559 2451 metu]
1603 2415 1669 2440 aus

925 2459 1062 2500 Scheu,
1107 2457 1186 2491 sich
1224 2454 1419 2490 offentlich
1459 2465 1503 2487 zu
1542 2450 1671 2486 seinen

924 2505 1092 2539 Gunsten
1118 2502 1412 2547 auszusprechen
1433 2499 1522 2544 (vgl.
1538 2499 1671 2533 omissa

924 2552 1141 2588 verecundia
1155 2549 1215 2593 23,
1231 2553 1263 2592 3,
1282 2552 1342 2592 1ος
1362 2547 1423 2590 37,
1438 2550 1494 2589 52,
1512 2547 1558 2588 6),
1584 2544 1672 2580 oder

930 2610 996 2633 aus
1012 2596 1209 2641 Besorgnis
1224 2607 1291 2631 vor
1304 2595 1369 2629 der
1382 2591 1671 2635 Gewaltthatig-

928 2646 1008 2680 keit
1028 2646 1093 2679 der
1110 2642 1289 2678 Patrizier
1307 2653 1341 2676 11.
1362 2642 1426 2675 des
1441 2639 1544 2682 Caso,
1563 2649 1671 2672 wcnn

930 2704 969 2727 er
993 2693 1032 2726 in
1059 2691 1124 2725 der
1150 2689 1259 2725 stadt
1283 2688 1415 2723 bliebe.

972 2748 1243 2795 praeferebant]
1265 2762 1309 2776 =
1324 2756 1417 2790 prae
1435 2755 1470 2780 se
1495 2744 1669 2788 ferebant,

931 2798 1062 2832 thaten
1086 2795 1204 2836 kund;
1232 2794 1365 2828 ebenso
1391 2791 1451 2835 37,
1473 2795 1529 2835 37,
1544 2795 1582 2835 33
1609 2790 1671 2835 39,

933 2848 989 2888 28,
1017 2848 1053 2887 73
1080 2842 1139 2886 42,
1168 2845 1222 2884 14,
1250 2844 1281 2875 5.
