1799 3105
591 466 915 513 PERJOCHA
953 466 1127 513 LIBRI
1166 466 1249 513 ΙΙΙ.

257 594 500 637 Seditiones
534 595 584 636 de
617 594 799 649 agrariis
831 594 1002 649 legibus
1036 594 1165 637 fuere.
1228 592 1491 649 Capitolium
1524 594 1577 635 ab
1611 608 1711 635 exu-

136 655 249 697 libus
282 657 326 696 et
358 655 492 696 servis
527 656 784 708 occupatum
816 653 952 695 caesis
985 653 1052 695 his
1086 656 1307 708 receptum
1335 655 1410 694 est.
1456 668 1609 694 census
1643 654 1709 695 bis

136 717 258 756 actus
286 716 364 755 est.
406 714 550 768 priore
576 714 713 755 lustro
741 727 869 754 censa
903 715 1002 754 sunt
1029 713 1186 754 civium
1213 713 1356 767 capita
1382 715 1554 754 centum
1587 715 1710 767 quat-

134 775 234 815 tuor
266 773 386 814 milia
419 774 696 828 septingenta
733 772 1078 827 quattuordecim
1116 774 1288 827 praeter
1320 772 1449 813 orbos
1483 773 1711 827 orbasque,

136 833 332 887 sequenti
363 835 535 875 centum
570 832 874 887 septemdecim
905 832 1027 874 milia
1060 831 1244 874 ducenta
1275 831 1557 886 undeviginti.
1612 846 1709 873 cum

134 892 338 934 adversus
366 892 541 947 Aequos
569 892 682 933 male
710 893 834 948 gesta
859 905 927 933 res
956 894 1082 946 esset,
1107 891 1152 932 L.
1175 891 1400 940 Quinctius
1428 889 1709 932 Cincinnatus

135 951 322 994 dictator
359 951 517 1005 factus,
556 966 651 993 cum
690 966 787 992 rure
824 951 1016 992 intentus
1057 951 1178 1006 operi
1209 951 1371 992 rustico
1412 954 1542 1002 esset,
1582 950 1636 992 ad
1668 950 1710 991 id

132 1010 294 1052 bellum
333 1011 568 1065 gerendum
608 1011 840 1052 arcessitus
874 1013 950 1052 est.
1012 1011 1048 1052 is
1081 1010 1221 1052 victos
1259 1010 1409 1052 hostes
1447 1010 1527 1052 sub
1560 1010 1710 1065 iugum

133 1070 265 1112 misit.
329 1070 599 1112 tribunorum
643 1070 781 1125 plebis
826 1084 1030 1111 numerus
1076 1070 1310 1124 ampliatus
1352 1072 1435 1123 est,
1479 1072 1529 1111 ut
1566 1072 1710 1111 essent

132 1129 297 1184 decem,
333 1130 552 1171 tricesimo
594 1131 715 1171 sexto
749 1143 861 1171 anno
894 1143 921 1170 α
951 1129 1101 1183 primis
1134 1129 1321 1170 tribunis
1354 1129 1504 1183 plebis.
1560 1129 1709 1183 petitis

131 1203 209 1244 per
234 1189 402 1244 legatos
430 1191 473 1230 et
502 1189 660 1230 adlatis
682 1188 842 1230 Atticis
874 1189 1044 1244 legibus
1079 1189 1131 1230 ad
1164 1188 1487 1230 constituendas
1516 1202 1588 1229 eas
1615 1203 1711 1242 pro-

130 1249 437 1303 ponendasque
465 1248 694 1290 decemviri
721 1263 798 1303 pro
827 1248 1077 1290 consulibus
1109 1248 1199 1289 sine
1226 1248 1328 1289 ullis
1358 1247 1454 1289 aliis
1481 1248 1710 1303 magistra-

130 1307 247 1349 tibus
281 1308 413 1349 creati
446 1308 582 1350 altero
616 1310 659 1349 et
690 1307 994 1349 trecentesimo
1028 1322 1162 1361 anno,
1201 1322 1330 1362 quam
1362 1306 1503 1348 Roma
1536 1307 1710 1349 condita

131 1370 243 1421 erat,
275 1370 318 1408 et
350 1369 398 1408 ut
430 1382 455 1409 a
486 1367 662 1422 regibus
697 1367 750 1408 ad
783 1368 997 1422 eonsules,
1030 1367 1092 1408 ita
1124 1382 1149 1408 a
1179 1367 1427 1408 consulibus
1462 1366 1515 1407 ad
1548 1366 1710 1408 decem-

129 1427 244 1468 viros
289 1427 520 1481 imperium
558 1426 834 1468 translatum.
898 1426 944 1467 hi
984 1426 1129 1468 decem
1167 1426 1330 1467 tabulis
1369 1426 1514 1480 legum
1554 1426 1709 1479 positis

129 1500 227 1528 cum
266 1486 462 1528 modeste
495 1501 540 1527 se
572 1486 617 1527 in
650 1501 698 1528 eo
731 1486 896 1528 honore
935 1486 1174 1540 gessissent
1209 1488 1252 1527 et
1285 1486 1338 1527 ob
1371 1485 1415 1526 id
1447 1486 1492 1526 in
1525 1487 1710 1527 alterum

130 1560 301 1600 quoque
334 1560 494 1587 annum
526 1546 706 1587 eundem
740 1560 832 1587 esse
859 1545 1164 1600 magistratum
1190 1545 1434 1598 placuisset,
1465 1545 1624 1587 duabus
1650 1548 1709 1586 ΐα-

129 1605 237 1647 bulis
280 1605 332 1647 ad
378 1605 525 1647 decem
570 1605 748 1647 adiectis
793 1619 890 1646 cum
930 1606 1153 1659 complura
1190 1605 1454 1659 impotenter
1491 1604 1710 1659 fecissent,

130 1664 439 1719 magistratum
470 1665 706 1707 noluerunt
738 1664 949 1718 deponere
983 1666 1026 1705 et
1057 1664 1103 1705 in
1135 1664 1310 1705 tertium
1339 1679 1497 1705 annum
1523 1664 1710 1706 retinue-

128 1726 249 1778 runt,
277 1724 411 1765 donec
435 1724 576 1766 inviso
604 1738 752 1766 eorum
777 1724 960 1777 imperio
987 1724 1116 1765 finem
1143 1724 1292 1765 attulit
1316 1723 1450 1765 libido
1481 1723 1561 1777 Ap.
1584 1722 1709 1765 Clau-

129 1782 201 1824 dii.
243 1783 316 1837 qui
343 1797 440 1824 cum
465 1783 510 1824 in
537 1797 729 1825 amorem
750 1782 978 1838 Virginiae
998 1783 1180 1838 virginis
1205 1783 1442 1837 incidisset,
1469 1783 1710 1834 summisso,

128 1842 203 1897 qui
229 1856 324 1883 eam
350 1842 397 1883 in
425 1842 679 1884 servitutem
705 1844 883 1897 peteret,
915 1842 1222 1884 necessitatem
1249 1842 1364 1896 patri
1391 1842 1480 1883 eius
1507 1841 1708 1897 Virginio

128 1901 338 1956 imposuit
364 1904 490 1956 rapto
518 1917 569 1943 ex
595 1902 777 1943 taberna
802 1902 999 1956 proxima
1026 1902 1165 1943 cultro
1191 1902 1327 1943 filiam
1354 1901 1585 1953 occidendi,
1613 1916 1709 1943 cum

129 1961 256 2002 aliter
300 1961 412 2002 effici
455 1976 545 2002 non
590 1963 755 2016 posset,
798 1976 850 2002 ne
895 1961 940 2002 in
985 1963 1252 2015 potestatem
1294 1964 1492 2015 stuprum
1530 1961 1709 2002 inlaturi

128 2020 306 2062 veniret.
368 2020 450 2062 hoc
492 2023 583 2062 tam
622 2035 806 2076 magnae
851 2021 1046 2062 luxuriae
1087 2021 1281 2075 exemplo
1326 2020 1450 2074 plebs
1489 2020 1708 2062 concitat-a

128 2081 324 2121 montem
363 2080 631 2122 Aventinum
670 2080 898 2134 occupavit
936 2081 1163 2134 coegitque
1202 2080 1468 2121 decemviros
1509 2080 1707 2121 abdicare

129 2153 173 2180 se
206 2139 478 2194 magistratu.
543 2154 593 2180 ex
627 2140 782 2194 quibus
815 2138 1004 2194 Appius,
1038 2139 1111 2194 qui
1142 2139 1371 2194 praecipue
1404 2154 1589 2194 poenam
1622 2153 1706 2180 me-

127 2200 292 2252 ruerat,
323 2199 369 2239 in
401 2213 615 2240 carcerem
649 2199 868 2241 coniectus
902 2202 986 2253 est3
1025 2199 1158 2240 ceteri
1189 2199 1234 2240 in
1266 2199 1441 2240 exilium
1475 2201 1576 2240 sunt
1609 2199 1707 2240 acti.

126 2272 195 2298 res
227 2260 451 2311 praeterea
491 2261 642 2300 contra
675 2257 861 2300 Sabinos
894 2260 937 2299 et
967 2257 1154 2300 Volscos
1190 2272 1395 2314 prospere
1429 2260 1576 2314 gestas
1609 2272 1706 2300 con-

126 2316 240 2357 tinet
272 2318 316 2357 et
348 2332 500 2370 parum
532 2318 764 2359 honestum
797 2317 948 2372 populi
980 2317 1167 2360 Romani
1204 2317 1429 2372 iudicium,
1469 2318 1542 2372 qui
1580 2317 1705 2358 iudex

127 2376 243 2416 inter
272 2374 483 2417 Ardeates
517 2379 559 2417 et
584 2376 786 2418 Aricinos
820 2379 1017 2431 sumptus
1051 2391 1220 2432 agrum,
1254 2377 1305 2418 de
1338 2391 1421 2431 quo
1456 2377 1704 2431 ambigeba-

127 2437 216 2488 tur,
250 2434 333 2475 sibi
366 2435 643 2477 adiudicavit.

1741 1141 1782 1171 10

1740 1438 1781 1468 15

1736 1735 1781 1765 ‘20

1735 2032 1778 2063 25

1734 2329 1778 2359 30
