1799 3105
599 91 746 127 LIBER
770 92 815 127 II.
866 91 967 127 CAP.
996 95 1051 127 47.

1526 89 1607 131 107

43 112 69 130 a.
89 103 157 130 Chr.
175 104 237 130 480.

44 204 143 244 alter
181 216 270 243 011111
309 202 457 254 aliquot
496 204 638 242 turmis
671 204 850 254 equitum
882 203 922 241 111
956 214 1040 241 03111
1072 206 1224 252 partem
1257 202 1376 239 citato
1410 212 1511 251 equo
1545 199 1608 237 ad-

44 268 197 314 vectus,
236 264 366 301 vivere
406 262 609 301 clamitans
648 261 854 314 collegam,
894 274 934 300 se
974 263 1164 299 victorem
1203 260 1290 298 fuso
1329 259 1451 298 altero
1484 270 1609 297 cornu

43 322 194 374 adesse,
227 334 311 360 rem
343 321 569 360 inclinatam
602 322 867 360 sustinuisset.

43 381 132 420 dam
170 382 295 420 aciem
334 393 374 419 se
413 381 497 431 ipse
537 392 670 419 coram
708 379 833 418 offert.
897 380 1066 418 duorum
1105 378 1313 417 consulum
1351 378 1507 428 cognita
1540 389 1607 415 ora

43 440 265 479 accendunt
296 439 466 478 militum
499 440 659 477 animos.
699 438 817 477 simul
849 444 887 477 et
914 439 1050 476 vanior
1076 439 1153 476 iam
1181 443 1263 476 erat
1289 437 1463 476 hostium
1491 437 1606 487 30105,

43 499 137 538 dum
170 499 392 538 abundante
425 497 677 536 multitudine
710 498 802 535 freti
835 497 1035 536 subtracta
1069 496 1244 535 subsidia
1276 497 1441 535 mittunt
1473 495 1519 533 ad
1548 507 1608 533 ca-

43 564 124 597 stra
163 557 434 609 oppugnanda.
497 558 538 594 in
577 569 675 608 quae
714 556 819 594 haud
856 568 998 606 magno
1043 557 1256 594 certamine
1302 557 1451 606 impetu
1494 554 1608 605 sactO,

43 618 136 656 dum
167 616 335 668 praedae
367 617 491 666 magis
523 628 639 666 quam
672 627 825 666 pugnae
858 627 1052 653 memores
1079 620 1255 653 tererent
1281 620 1448 665 tempus,
1481 614 1609 651 triarii

42 676 224 726 Romani,
263 676 332 726 qui
369 676 537 726 primam
569 675 838 725 inruptionem
871 675 1067 713 sustinere
1100 686 1177 711 non
1211 678 1438 724 potuerant,
1476 673 1608 710 missis

42 735 89 773 ad
122 733 305 773 consules
337 735 501 785 nuntiis,
535 746 612 785 quo
644 733 730 772 loco
763 745 827 772 res
860 738 1004 785 essent,
1037 732 1260 783 conglobati
1292 732 1338 770 ad
1365 733 1609 782 praetorium

41 794 210 832 redeunt
249 798 287 831 et
326 805 395 831 sua
429 798 568 844 sponte
600 794 677 844 ipsi
708 792 903 843 proelium
935 797 1137 831 renovant.
1201 797 1239 830 et
1271 790 1438 829 Manlius
1471 789 1609 829 consul

40 858 224 891 revectus
256 853 297 890 111
330 857 469 904 castra,
502 852 549 891 ad
582 863 717 890 01111105
750 857 884 903 portas
917 851 1040 890 milite
1074 852 1267 902 opposito,
1300 850 1481 889 hostibus
1508 850 1609 888 viam

42 911 248 951 clauserat.
312 924 356 949 ea
389 911 612 962 desperatio
645 911 786 950 Tuscis
819 911 969 950 rabiem
1000 912 1124 961 magis
1158 922 1276 961 quam
1308 910 1510 949 audaciam
1548 920 1608 946 ac-

41 971 186 1010 cendit.
244 983 332 1009 nam
365 983 456 1009 cum
488 972 751 1022 incursantes,
785 982 1032 1021 quacumque
1066 971 1215 1008 exitum
1247 969 1472 1008 ostenderet
1507 979 1609 1019 spes,

42 1042 140 1069 vano
173 1029 410 1081 aliquotiens
438 1031 588 1081 impetu
615 1031 750 1081 issent,
784 1029 923 1080 globus
950 1031 1137 1067 iuvenum
1163 1041 1266 1067 1111115
1293 1030 1333 1066 111
1361 1029 1492 1078 ipsum
1518 1038 1608 1065 con-

43 1089 187 1140 sulem,
225 1090 421 1139 insignem
454 1090 589 1140 armis,
629 1089 788 1127 invadit.
851 1090 976 1139 prima
1009 1093 1172 1138 excepta
1205 1101 1223 1126 3
1258 1086 1609 1127 circumstantibus

42 1148 136 1200 tela,
179 1149 367 1187 sustineri
405 1148 546 1186 deinde
585 1149 643 1186 vis
680 1149 829 1199 nequit.
892 1147 1030 1186 consul
1068 1147 1273 1185 mortifero
1312 1146 1473 1185 vulnere
1506 1147 1608 1184 ictus

43 1207 158 1259 cadit,
192 1207 347 1258 fusique
381 1208 484 1245 circa
518 1219 665 1245 omnes.
708 1207 849 1245 Tuscis
876 1208 1020 1245 crescit
1046 1206 1224 1258 audacia3
1256 1206 1452 1244 Romanos
1479 1209 1609 1243 terror

42 1279 113 1318 per
145 1271 225 1305 tota
259 1271 387 1305 castra
418 1266 595 1317 trepidos
628 1267 718 1318 agit,
751 1271 789 1304 et
817 1266 863 1304 ad
891 1271 1066 1304 extrema
1093 1270 1253 1304 ventum
1280 1265 1393 1316 foret,
1426 1265 1468 1302 ni
1492 1263 1610 1313 legati

41 1331 154 1377 rapto
194 1325 368 1364 consulis
406 1337 572 1376 corpore
611 1326 889 1376 patefecissent
921 1338 999 1364 una
1030 1329 1143 1376 porta
1176 1324 1357 1363 hostibus
1390 1324 1502 1361 viam.
1565 1334 1608 1360 ea

42 1390 273 1437 erumpunt3
306 1390 637 1436 consternatoque
670 1386 823 1436 agmine
856 1384 1047 1423 abeuntes
1074 1385 1114 1422 in
1140 1385 1331 1422 rictorem
1357 1382 1525 1421 alterum
1552 1383 1607 1420 in-

42 1444 179 1483 cidunt
211 1443 424 1482 consulem.
467 1444 522 1482 ibi
554 1445 699 1483 iterum
732 1445 837 1482 caesi
869 1444 1026 1495 fusique
1058 1445 1216 1494 passim.
1255 1443 1419 1481 victoria
1452 1442 1608 1491 egregia

41 1508 164 1555 parta,
196 1505 323 1542 tristis
356 1508 486 1542 tamen
519 1503 674 1542 duobus
706 1509 786 1542 tam
818 1503 934 1542 claris
962 1502 1179 1541 funeribus.
1219 1504 1351 1553 itaque
1379 1500 1518 1540 consul
1545 1500 1607 1538 de-

42 1568 228 1602 cernente
257 1567 395 1601 senatu
421 1563 680 1614 triumphum,
708 1564 741 1601 si
767 1564 965 1601 exercitus
993 1563 1076 1601 sine
1104 1563 1341 1613 imperatore
1362 1559 1608 1610 triumphare

41 1623 184 1673 possit,
225 1634 297 1672 pro
336 1623 477 1660 eximia
518 1635 563 1660 eo
603 1621 704 1660 bello
743 1634 860 1673 opera
900 1621 1012 1660 facile
1044 1633 1255 1672 passurum
1288 1619 1509 1671 respondit3
1555 1630 1608 1669 se,

42 1680 186 1719 familia
220 1681 374 1720 funesta
401 1681 537 1726 Quinti
564 1681 659 1719 Fabi
692 1682 825 1719 fratris
857 1686 996 1731 morte,
1030 1693 1071 1718 re
1104 1680 1262 1731 publica
1289 1692 1335 1717 ex
1362 1684 1473 1729 parte
1501 1677 1608 1728 orba,

42 1739 203 1778 consule
236 1739 359 1779 altero
392 1742 553 1792 amisso,
586 1740 744 1791 publico
777 1741 1009 1791 privatoque
1042 1739 1260 1778 deformem
1292 1738 1402 1776 luctu
1435 1737 1607 1775 lauream

39 1878 137 1914 nach
162 1878 228 1913 der
252 1878 516 1922 Verwundung
544 1877 608 1912 des
635 1877 789 1913 Consuls

40 1927 209 1971 langsam
219 1925 477 1971 zuriickgegan
481 1936 552 1970 gen
560 1936 683 1960 waren
691 1927 788 1969 (yra-

41 1974 127 2008 clum
158 1973 350 2015 rettulere).
383 1994 425 1997 —
458 1984 530 2007 rem
558 1973 788 2014 inclinatam,

44 2020 119 2055 ‘die
144 2020 349 2055 wankende
365 2019 660 2055 Schlachtreihe'
686 2019 786 2064 (Tro-

40 2079 110 2113 pus
142 2078 216 2103 von
248 2068 313 2102 der
337 2067 598 2112 Wagschale),
634 2079 660 2102 5.
683 2079 727 2101 zu
758 2072 786 2110 1,

40 2119 98 2160 27,
125 2119 157 2149 6.
207 2114 291 2160 Vgl.
319 2118 352 2156 2,
379 2118 435 2158 33,
462 2118 494 2149 5.

89 2166 122 2197 4.
150 2162 298 2204 vanior,
328 2162 448 2196 ‘mehr
472 2161 670 2207 ξ0011011101,
697 2161 787 2196 (11111-

41 2209 142 2251 uer’,
172 2209 376 2254 eigentlich
402 2209 503 2244 bloss
529 2208 588 2244 die
615 2212 788 2243 ’3115501011

41 2256 205 2291 Umrisse
227 2256 327 2290 einer
344 2257 437 2291 acics
451 2255 678 2291 darstellend.
693 2256 787 2291 ohne

42 2303 276 2348 Ausfiillung‚
298 2315 366 2337 nur
385 2303 483 2346 hier3
509 2304 579 2337 wie
598 2313 686 2336 man
705 2304 790 2347 sagi:

42 2361 159 2385 vanae
184 2351 330 2392 aristae,
352 2350 479 2384 ε1311110
499 2350 675 2385 Aehren’.
703 2350 788 2394 Vgl.

48 2402 84 2441 1,
114 2400 152 2440 8,
180 2401 199 2431 5
238 2408 282 2432 ue
312 2408 409 2431 rana
443 2397 545 2431 urbis
576 2398 790 2441 magnitudo

43 2448 138 2480 esset.
162 2464 208 2469 —
233 2444 411 2485 subsidia,
436 2444 607 2478 Reserve.
628 2464 671 2469 —-
693 2445 791 2485 dum,

42 2492 167 2573 indetfn
185 2508 228 2573 2=
248 2491 361 2536 ‘weil,
380 2491 547 2525 dadurch
567 2491 678 2533 dass’,
700 2502 727 2524 5.
749 2503 792 2524 zu

43 2550 132 2584 prae
152 2567 158 2573 .
212 2566 219 2573 .

93 2590 124 2620 5.
153 2591 183 2621 6.
218 2587 316 2628 dum,
344 2584 566 2626 ‘wahrend’,
593 2583 662 2618 mit
688 2583 792 2628 Conj.

44 2632 252 2676 Praeterit„
278 2645 303 2667 5.
330 2645 374 2667 zu
401 2636 432 2675 1,
458 2636 516 2675 40,
544 2635 573 2666 7.
603 2651 646 2655 ——
672 2641 742 2675 quo
769 2632 790 2666 l.

44 2690 100 2715 res
119 2684 243 2722 esseut,
266 2679 351 2715 ‘wie
372 2679 431 2715 die
447 2679 591 2714 Sachen
605 2678 790 2721 standen’,

45 2726 114 2762 wie
136 2731 168 2772 7,
188 2731 246 2772 35,
267 2731 286 2762 7
313 2728 354 2762 in
379 2737 417 2762 00
443 2727 518 2761 loco
543 2736 599 2760 res
624 2728 710 2759 sunt
729 2735 791 2760 uo-

46 2777 153 2809 strae.
204 2779 244 2819 3,
271 2777 327 2817 68,
354 2778 374 2809 3
400 2785 456 2809 res
481 2777 532 2808 est
550 2773 678 2817 priore
704 2773 789 2807 loco.

47 2824 109 2862 34,
137 2825 175 2864 4,
204 2825 246 2856 19
273 2822 390 2856 eodem
416 2822 490 2856 loco
515 2821 682 2863 futuram
707 2831 791 2854 rem.

47 2867 131 2902 Von
154 2867 339 2903 Personen
365 2872 404 2912 8,
437 2872 500 2911 35,
527 2872 546 2903 6
574 2867 690 2902 eodem
717 2867 792 2901 loco

860 1877 998 1921 fuisset.
1038 1880 1094 1919 42,
1121 1880 1177 1917 37,
1204 1878 1236 1910 8.
1280 1876 1322 1910 iu
1347 1875 1464 1909 eodem
1491 1874 1512 1908 l.
1539 1883 1610 1908 0550

862 1929 925 1968 37,
966 1928 1025 1968 14,
1065 1928 1096 1958 5.
1148 1923 1258 1968 Verg.
1287 1926 1326 1966 2,
1359 1925 1426 1956 322
1460 1931 1529 1966 quo
1553 1930 1610 1955 res

860 1983 1001 2006 summa
1039 1969 1140 2006 loco?
1178 1991 1214 1995 —
1255 1980 1324 2004 sua
1357 1972 1500 2013 sponte,
1545 1978 1610 2002 aus

862 2019 1032 2064 eigenem
1052 2017 1220 2061 Antrieb,
1247 2016 1314 2051 auf
1333 2016 1462 2061 eigene
1483 2016 1607 2049 Faust.

861 2086 903 2091 —
920 2067 1004 2111 ipsi,
1026 2066 1078 2101 510
1095 2065 1220 2108 selbst,
1241 2063 1366 2106 allein‚
1387 2063 1483 2098 ohne
1497 2062 1608 2097 Halfe

861 2114 1108 2148 abzuwarten.
1135 2116 1168 2157 3,
1189 2116 1246 2156 48,
1268 2116 1287 2146 3
1314 2111 1508 2146 multitudo
1527 2110 1608 2154 ipsa

860 2172 895 2195 50
919 2172 989 2195 sua
1014 2163 1138 2205 sponte
1164 2159 1324 2194 dimovit.
1358 2162 1390 2200 2,
1413 2162 1469 2200 61,
1490 2161 1508 2191 7
1535 2157 1610 2201 ipsi

860 2219 928 2243 sua
952 2209 1146 2243 voluntate.
1163 2227 1206 2232 —-
1232 2207 1462 2241 incursantes
1487 2205 1609 2245 issent,

861 2255 928 2290 das
955 2255 1054 2289 Part.
1082 2253 1284 2295 adverbial,
1311 2265 1338 2288 5.
1365 2264 1408 2286 zu
1434 2263 1463 2286 0.
1493 2255 1548 2294 10,
1576 2255 1608 2285 3.

861 2302 945 2347 Vgl.
972 2314 1015 2336 zu
1034 2302 1149 2347 praef.
1173 2305 1227 2336 11.
1252 2321 1295 2325 —
1315 2300 1461 2334 invadit
1479 2297 1549 2333 mit
1567 2299 1610 2332 iu

861 2361 931 2384 nur
958 2349 1055 2384 noch
1081 2353 1138 2392 27,
1164 2352 1220 2391 42,
1247 2352 1278 2382 6.
1309 2351 1366 2389 28,
1393 2350 1449 2388 29,
1477 2350 1497 2381 3
1525 2345 1608 2389 (wie

864 2395 964 2439 Cic.),
991 2398 1094 2431 sonst
1118 2396 1250 2429 immer
1275 2394 1344 2428 mit
1369 2394 1456 2428 Acc.

913 2447 1040 2478 8—10.
1067 2443 1116 2477 ad
1135 2446 1238 2483 extr„
1258 2441 1352 2476 auch
1373 2440 1442 2474 mit
1462 2439 1552 2474 Gen.
1568 2440 1610 2473 in

865 2493 1023 2525 extrema
1031 2490 1279 2534 periculorum
1292 2491 1436 2522 rentum
1450 2490 1484 2528 7,
1497 2490 1555 2529 29,
1569 2490 1588 2520 2
1600 2500 1608 2528 ;

865 2537 1000 2571 ebenso
1031 2540 1176 2571 ventum
1207 2536 1256 2570 ad
1281 2538 1476 2569 eoetremum
1501 2536 1551 2568 051
1576 2537 1608 2575 3,

865 2587 927 2627 23,
954 2588 985 2618 5.
1014 2604 1058 2608 -
1084 2593 1122 2618 eo
1148 2583 1253 2623 bello,
1279 2581 1404 2616 attrib.
1432 2592 1475 2614 zu
1500 2590 1610 2624 opera

865 2631 907 2676 [5.
943 2630 1035 2665 Anh.
1071 2642 1115 2664 zu
1141 2640 1170 2664 0.
1197 2633 1264 2672 24,
1291 2628 1340 2674 8].
1368 2648 1411 2652 -
1437 2628 1524 2670 fam.
1551 2627 1609 2669 fu-

863 2681 977 2719 nesta,
1003 2689 1030 2713 s.
1057 2689 1100 2711 zu
1120 2688 1149 2711 0.
1172 2680 1205 2720 8,
1226 2679 1257 2710 7.
1280 2696 1322 2700 --
1345 2676 1518 2716 lauream,
1538 2674 1611 2708 den

865 2724 929 2759 der
948 2722 1243 2768 triumphirende
1257 2722 1437 2757 Feldherr
1450 2721 1517 2756 auf
1526 2721 1611 2756 clem

864 2771 1011 2816 Haupte
1047 2770 1169 2815 (Dion.
1207 2774 1248 2813 2,
1288 2773 1333 2804 34
1365 2766 1495 2814 δάφνῃ
1524 2781 1610 2803 κατ-

866 2817 1089 2863 εστεμμένος
1114 2815 1181 2857 τὰς
1206 2814 1338 2861 κόμας)
1363 2818 1461 2861 trug,
1495 2819 1527 2859 7,
1555 2820 1610 2857 13,

868 2870 910 2900 10
938 2865 1166 2910 (ausserdem
1197 2864 1267 2898 mit
1298 2864 1364 2899 der
1395 2866 1480 2908 toya
1506 2864 1609 2907 picta

925 319 1092 359 Manlius
1126 331 1282 371 quoque
1316 319 1362 357 ad
1396 319 1606 356 restituen-
1633 326 1655 356 4

1637 1509 1680 1540 10
