1799 3105
61 105 88 123 a.
112 97 177 123 Chr.
199 97 260 122 470.
281 95 342 121 469.

63 199 247 237 mitteret.

576 82 719 117 LIBER
745 82 787 117 11.
839 81 939 116 CAP.
969 85 1024 115 61.
1051 84 1106 115 62.

1537 76 1620 118 133

310 195 414 234 idem
445 194 603 233 habitus
636 195 734 245 oris,
767 193 902 231 eadem
935 191 1180 230 coutumacia
1212 191 1252 227 in
1285 188 1412 240 vultu,
1445 187 1548 226 idem
1580 188 1621 225 in
1648 195 1668 226 6

63 258 238 295 oratione
283 255 446 306 spiritus
491 259 591 306 erat,
636 253 730 291 adeo
769 258 813 291 ut
856 263 993 302 magna
1037 262 1128 301 pars
1166 248 1291 300 plebis
1329 248 1499 298 Appium
1544 259 1621 284 non

63 317 192 356 minus
225 326 337 353 reum
370 315 543 365 timeret,
576 325 693 364 (1113111
720 311 922 350 consulem
954 312 1149 349 timuerat.

62 376 139 426 xit,
184 386 261 425 quo
307 385 462 423 semper
506 384 620 422 agere
666 372 794 409 onmia
845 369 983 408 solitus
1029 375 1129 420 erat,
1174 367 1417 406 accusatorio
1463 366 1623 416 spiritu,

63 434 238 485 adeoque
271 433 490 471 constantia
517 443 585 469 sua
619 436 657 468 et
683 429 864 468 tribunos
891 428 1155 479 obstupefecit
1182 433 1220 465 et
1245 426 1416 477 plebem,
1449 430 1493 463 111
1520 424 1623 462 diem

63 494 139 544 ipsi
178 505 247 531 sua
291 491 489 530 voluntate
532 488 802 540 prodicerent,
846 487 949 526 trahi
993 487 1133 525 deinde
1172 498 1256 525 rem
1294 487 1480 524 sinerent.
1518 483 1622 522 haud
1649 491 1669 522 8

63 553 116 591 ita
148 551 316 590 multum
346 550 505 588 interim
536 549 725 599 temporis
758 547 849 599 fuit,
882 552 969 585 ante
1003 552 1151 597 tamen,
1185 557 1301 596 quam
1333 543 1509 595 prodicta
1540 542 1623 580 dies

64 612 226 662 veniret,
258 608 395 648 morbo
426 609 606 646 moritur.

663 608 776 645 cuius
810 618 899 644 cum
932 605 1195 643 laudationem
1227 604 1377 642 tribuni
1408 602 1535 654 plebis
1567 603 1623 640 in-
1650 610 1670 641 9

62 670 196 721 pedire
253 672 508 719 conarentur,
570 665 681 717 plebs
737 664 911 704 fraudari
967 663 1146 702 sollemni
1195 663 1344 701 honore
1396 673 1625 713 supremum

62 729 165 767 diem
203 729 301 766 tanti
338 728 413 765 viri
450 725 593 777 noluit,
626 731 664 764 et
702 725 966 763 laudationem
998 729 1077 762 tam
1110 724 1245 773 aequis
1279 721 1440 760 auribus
1478 721 1625 759 mortui

62 787 226 839 audivit,
278 798 393 838 quam
434 787 511 823 vivi
558 785 848 824 accusationem
889 783 1082 835 audierat,
1127 788 1165 821 01
1209 782 1394 833 exequias
1439 780 1624 831 frequens

63 846 285 886 celebravit.

180 905 330 944 Eodem
361 916 462 942 anno
483 903 661 942 Valerius
694 901 831 941 consul
864 914 954 940 cum
981 902 1158 940 exercitu
1184 902 1225 939 in
1245 902 1401 951 Aequos
1422 898 1623 950 profectus
1648 899 1696 934 62

63 977 154 1004 011111
185 965 339 1003 hostem
371 963 418 1002 ad
450 962 645 1014 proelium
678 962 818 1001 elicere
852 974 931 999 11011
962 966 1112 1013 posset,
1152 966 1279 999 castra
1306 970 1533 1010 oppugnare
1566 963 1626 996 est

63 1024 236 1063 adortus.

64 1083 170 1122 caelo
203 1083 364 1122 deiecta.

304 1022 508 1074 prohibuit
551 1022 663 1060 foeda
707 1026 919 1072 tempestas
962 1033 1052 1059 cum
1093 1019 1282 1071 grandine
1324 1031 1367 1056 ac
1412 1016 1625 1056 tonitribus

427 1082 724 1120 admirationem
757 1080 897 1119 deinde
931 1081 1037 1118 auxit
1071 1081 1181 1130 signo
1208 1078 1387 1128 receptui
1413 1077 1502 1115 dato
1529 1076 1624 1115 adeo
1653 1087 1673 1116 2

64 1141 273 1194 tranquilla
306 1142 497 1180 serenitas
529 1140 698 1192 reddita,
737 1146 780 1178 ut
813 1139 918 1178 velut
951 1140 1111 1177 numine
1145 1138 1273 1189 aliquo
1302 1137 1460 1175 defensa
1499 1141 1626 1174 castra

63 1213 291 1253 oppugnare
329 1203 474 1239 iterum
510 1199 648 1250 religio
689 1200 818 1238 fuerit.

376 1259 473 1298 alter
506 1258 661 1310 consul,
700 1257 905 1309 Aemilius,
944 1259 984 1295 in
1027 1257 1181 1295 Sabinis
1214 1255 1360 1294 bellum
1393 1256 1524 1305 gessit.
1588 1259 1625 1292 et
1653 1285 1658 1292 .

65 1262 148 1312 agri
185 1262 312 1299 vertit.

64 1320 136 1372 ihi,
174 1321 264 1371 quia
301 1319 427 1358 hostis
459 1317 666 1357 moenibus
700 1330 739 1356 se
774 1316 948 1369 tenebat,
989 1318 1126 1355 vastati
1159 1317 1242 1367 agri
1274 1320 1376 1353 511111.

882 1200 1008 1236 01111115
1041 1199 1098 1236 ira
1129 1197 1222 1236 belli
1254 1197 1301 1235 ad
1333 1195 1626 1247 populationem

1433 1313 1626 1352 incendiis

64 1379 205 1418 deinde
243 1390 321 1417 non
360 1377 539 1416 villarum
576 1377 692 1416 modo
733 1377 800 1415 sed
834 1378 950 1415 etiam
982 1377 1176 1428 vicorum,
1216 1374 1359 1426 quibus
1399 1374 1627 1425 frequenter

113 1510 143 1541 6.
166 1509 196 1540 7.
224 1505 466 1548 contumacia,
493 1503 629 1547 kiihne,
650 1503 807 1548 trotzige

64 1552 319 1597 Verachtung,
357 1551 420 1586 bei
462 1552 502 1586 L.
539 1551 674 1595 seiten,
711 1551 807 1585 noch

64 1605 96 1642 9,
122 1604 179 1644 46,
205 1604 237 1634 4.
255 1620 299 1625 —
319 1600 482 1644 spiritus,
503 1598 627 1643 Trotz,
647 1611 673 1633 5.
698 1604 728 1642 1,
749 1602 805 1641 31,

65 1652 96 1682 6.
124 1668 167 1672 -
194 1647 313 1690 semel,
344 1658 412 1681 nur
444 1645 591 1681 einmal.
618 1665 660 1670 —-
689 1656 805 1680 accus.

64 1695 217 1739 spiritu,
263 1694 330 1728 ‘im
366 1692 669 1728 hochfahrenden
704 1693 805 1727 Tone

65 1743 164 1776 eines
201 1740 440 1785 Anklagers’.
502 1740 577 1775 Das
614 1740 697 1784 Adj.
737 1752 806 1774 nur

64 1789 160 1824 noch
197 1792 254 1832 45,
289 1792 343 1832 10,
376 1790 395 1822 8
433 1788 490 1822 vir
522 1798 627 1832 asper
664 1788 809 1832 inyem'o

65 1836 218 1881 auyebat
250 1836 473 1870 atrocitatem
506 1863 512 1869 .
549 1863 555 1870 .
584 1835 680 1870 voltu
714 1836 810 1869 truci

65 1888 96 1919 et
117 1883 345 1919 accusatoria
359 1893 450 1925 voce,
470 1882 503 1916 d.
524 1882 618 1917 Adv.
639 1885 695 1925 40,
713 1886 766 1926 12,
788 1886 808 1917 6

68 1943 175 1976 quam
209 1931 430 1965 accusatorie
455 1930 565 1972 (auch
597 1929 670 1965 Cic.
703 1929 806 1965 Verr.

65 1983 103 2023 4,
138 1984 174 2022 1,
207 1982 226 2012 2
266 1978 488 2012 accusatorie
526 1978 648 2021 loqui).
692 1977 808 2011 Dafi'ir

66 2026 161 2060 auch
186 2026 374 2060 criminose
399 2035 503 2069 1190νο
522 2028 578 2068 40,
600 2028 632 2067 9,
655 2028 696 2059 13
718 2036 751 2059 11.
774 2028 806 2059 ὃ.

65 2073 140 2108 und
165 2074 378 2108 criminosae
403 2073 583 2107 orationes
609 2076 641 2115 8,
671 2076 724 2114 12,
753 2076 808 2107 14.

65 2141 108 2146 —
136 2121 208 2166 ipsi
232 2131 301 2156 sua
328 2120 410 2163 vot,
443 2132 470 2154 5.
496 2131 540 2154 211
565 2130 594 2154 c.
621 2123 678 2162 47,
705 2123 736 2154 5.
764 2140 807 2144 -κ

65 2169 157 2203 diem
177 2168 336 2212 proclia,
365 2167 440 2202 ‘die
468 2167 602 2210 Sache,
635 2166 694 2202 die
719 2167 809 2202 Ver-

65 2214 257 2260 handlung
270 2214 478 2259 vertagen’.
492 2234 536 2239 —
546 2214 696 2259 trahere,
713 2214 807 2249 ‘ver-

67 2262 297 2307 schleppen'.

113 2312 145 2345 8.
190 2313 223 2344 9.
272 2309 441 2351 iuterim,
494 2308 675 2344 zwischen
724 2308 808 2343 dem

67 2357 188 2391 ersten
235 2355 310 2390 und
347 2355 501 2390 zweiten
539 2354 806 2401 Geriohtstage.

67 2424 111 2428 —
150 2403 270 2439 morbo
317 2402 368 2437 ist
409 2404 612 2447 zugesetzt,
650 2403 737 2437 weil
772 2414 810 2438 er

66 2450 164 2486 nach
184 2449 324 2485 andern
338 2449 371 2484 N
375 2450 588 2485 achrichten
605 2449 683 2485 sich
695 2450 810 2485 selbst

67 2498 224 2533 entleibt
267 2497 387 2532 haben
430 2497 547 2532 sollte.
586 2517 630 2522 --
670 2497 809 2532 laudat.

69 2558 94 2581 s.
122 2558 165 2580 zu
191 2556 219 2580 0.
256 2549 312 2588 47,
340 2549 394 2580 11.

132 2650 318 2687 62—65.
368 2650 530 2695 Kriege
556 2649 638 2684 mit
662 2649 744 2684 den

67 2700 290 2743 Aequern,
318 2696 807 2742 Sabinern,V01skern.

117 2774 147 2803 1.
173 2770 200 2813 f.
227 2772 347 2814 temp„
375 2769 434 2804 ein
460 2768 715 2804 entsetzliches
735 2767 808 2803 Un—

68 2818 218 2859 wetter,
246 2816 443 2861 Gewitter,
470 2820 533 2859 33,
559 2820 621 2857 41,
650 2820 667 2850 7
695 2827 728 2850 u.
757 2819 808 2859 0.,

69 2863 163 2898 auch
188 2867 294 2899 atrox
319 2867 361 2909 t.,
387 2876 415 2900 2.
442 2864 481 2900 Β.
509 2867 565 2907 21,
592 2866 647 2907 58,
674 2867 693 2898 3
721 2863 809 2898 adeo

881 1505 988 1537 atrox
1020 1503 1150 1537 adorta
1184 1504 1370 1545 tempestas
1395 1503 1461 1542 est,
1496 1502 1537 1533 ut
1562 1499 1626 1533 Al-

875 1551 979 1594 pium
1008 1561 1123 1594 prope
1153 1549 1357 1592 foeditatem
1390 1548 1626 1592 superaverit,

881 1597 969 1632 oder
990 1608 1097 1632 saera
1112 1601 1134 1631 t.
1152 1600 1207 1640 24,
1224 1599 1256 1640 8,
1273 1600 1327 1631 12.
1343 1616 1385 1620 ——
1403 1606 1479 1629 cum
1495 1595 1625 1639 yrand.

880 1648 912 1679 et
949 1648 993 1688 t.,
1031 1645 1105 1689 vgl.
1145 1655 1223 1679 cum
1261 1644 1406 1688 frayore
1440 1647 1476 1684 1,
1505 1646 1566 1685 16,
1594 1646 1625 1675 1.

881 1703 960 1726 cum
994 1695 1093 1726 rento
1125 1695 1188 1734 40,
1216 1695 1248 1732 2,
1277 1695 1306 1725 1.
1358 1701 1437 1725 cam
1458 1689 1627 1734 procellis

881 1743 936 1781 39,
963 1743 1020 1781 46,
1047 1743 1078 1774 3.
1101 1759 1143 1763 —-
1171 1739 1266 1773 caelo
1292 1738 1439 1780 deiecta,
1466 1737 1540 1781 vgl.
1568 1740 1625 1780 21,

882 1790 938 1829 58,
960 1790 980 1821 8
1003 1798 1099 1830 aqua
1122 1815 1129 1821 .
1151 1814 1157 1821 .
1178 1789 1320 1820 tantum
1345 1785 1492 1820 111005(ιο
1516 1795 1626 1829 9)·(171-

882 1834 981 1868 (linis
1006 1834 1141 1868 deiecit.
1192 1837 1256 1877 28,
1285 1837 1339 1876 15,
1370 1836 1408 1866 11
1436 1833 1478 1866 izi
1498 1858 1504 1864 .
1528 1859 1535 1865 .
1557 1859 1564 1865 .
1591 1842 1626 1865 se

882 1885 985 1915 tanta
1019 1882 1070 1916 cis
1102 1892 1216 1925 aquae
1238 1881 1428 1915 deiecisset.
1478 1878 1627 1913 Deicere

880 1928 918 1963 in
944 1927 1207 1973 eigentlichem
1235 1927 1345 1962 8111110
1371 1939 1439 1961 nur
1464 1926 1561 1961 noch
1592 1930 1626 1969 4,

882 1980 943 2019 19,
977 1980 997 2010 4
1034 1975 1103 2010 mit
1139 1976 1301 2011 blossem
1333 1974 1414 2009 Abl.
1448 1973 1626 2018 (tropisch

880 2024 1021 2067 honore,
1054 2023 1262 2065 consulatu,
1288 2026 1382 2067 spe),
1421 2023 1524 2057 sonst
1557 2021 1626 2055 mit

881 2082 925 2105 ea·
949 2071 1025 2105 und
1050 2072 1103 2114 de,
1131 2083 1158 2105 z.
1180 2070 1219 2105 Β.
1246 2070 1288 2105 de
1312 2080 1414 2111 saxo,
1440 2080 1483 2104 ex
1502 2080 1624 2110 vtauro,-

882 2118 1018 2153 011111131
1040 2119 1134 2153 venti
1153 2118 1197 2153 ab
1212 2118 1392 2153 montibus
1410 2127 1445 2152 se
1464 2117 1626 2152 deiciunt

882 2168 938 2210 28,
966 2170 997 2210 6,
1026 2170 1078 2201 10.

929 2252 961 2284 2.
988 2252 1106 2293 tranq.
1133 2248 1323 2290 serenitas,
1360 2247 1433 2292 vgl.
1463 2252 1493 2290 1,
1523 2251 1577 2290 16,
1604 2250 1624 2280 2

876 2299 1067 2340 postquam
1094 2307 1137 2330 esc
1162 2299 1235 2330 tam
1256 2295 1402 2330 turbido
1421 2295 1479 2330 die
1497 2305 1624 2329 serena

881 2347 913 2378 et
945 2344 1147 2387 tranquilla
1174 2344 1239 2377 lua:
1273 2343 1389 2377 rediit.
1440 2341 1624 2376 Serenitas

880 2391 977 2425 noch
1003 2395 1058 2432 26,
1086 2395 1141 2434 11,
1167 2394 1187 2425 3
1214 2391 1307 2424 mira
1340 2390 1514 2424 serenitas
1545 2399 1624 2423 cum

880 2438 1146 2482 tranquillitate
1171 2438 1365 2472 oriebatur.
1401 2440 1458 2479 30,
1485 2440 1540 2478 38,
1569 2441 1623 2469 11.

882 2484 992 2520 Sonst
1009 2495 1171 2519 serenum
1197 2485 1333 2519 caelum
1358 2488 1414 2526 37,
1440 2488 1473 2527 4,
1499 2487 1531 2516 4.
1566 2487 1622 2527 41,

882 2535 938 2575 21,
967 2535 1008 2566 12
1036 2531 1123 2567 oder
1149 2542 1308 2566 serenum
1336 2534 1392 2573 31,
1422 2534 1475 2571 12,
1503 2535 1534 2564 5.
1566 2533 1622 2573 37,

880 2582 914 2621 3,
953 2582 985 2613 3.
1018 2599 1061 2603 -
1093 2579 1193 2623 reliq.
1226 2582 1275 2613 est
1312 2577 1382 2612 mit
1412 2577 1478 2612 Luf.
1514 2577 1622 2620 (nach

881 2625 1023 2670 Dr'ager
1048 2630 1080 2668 4,
1107 2630 1174 2660 347
1196 2625 1257 2660 bei
1277 2624 1484 2659 Classikern
1506 2623 1622 2669 nicht)

882 2672 1080 2718 einigemal
1125 2673 1186 2708 bei
1238 2672 1278 2707 L.
1332 2671 1534 2717 [Anhang]
1577 2692 1621 2697 —-

881 2720 1010 2765 fuerit,
1053 2720 1144 2755 iiber
1181 2720 1252 2755 den
1291 2718 1391 2763 Conj.
1430 2719 1525 2754 Pers.
1570 2719 1621 2754 im

880 2768 908 2802 F
912 2767 1097 2813 olgesatze
1131 2779 1157 2803 5.
1185 2779 1229 2802 211
1258 2772 1287 2810 1,
1315 2771 1348 2810 3,
1374 2770 1406 2801 4.
1437 2787 1477 2791 —
1507 2767 1620 2809 vertit,

880 2815 1046 2859 intrans,
1069 2814 1232 2850 ‘wandte
1252 2814 1359 2858 sich',
1381 2826 1407 2848 5.
1427 2826 1471 2849 211
1491 2825 1520 2848 c.
1536 2819 1568 2855 3,
1589 2817 1620 2848 3.

929 2867 1044 2897 3—5.
1071 2863 1218 2908 quibus,
1244 2862 1316 2907 vgl.
1344 2864 1377 2904 8,
1404 2865 1459 2906 22,
1486 2866 1505 2895 5
1533 2862 1621 2896 ‹taa—

1213 307 1333 346 semel
1371 318 1529 345 causam
1567 306 1621 344 di·
1650 314 1668 344 7
