1799 3105
111 107 138 126 a.
158 98 225 125 Chr.
244 106 274 124 n.
293 98 354 124 449.
641 87 788 122 LIBER
812 87 874 125 III.
926 87 1026 123 CAP.
1055 90 1111 122 45.
1138 91 1194 122 46.
1628 86 1681 129 77

111 197 404 253 praesentium
425 195 658 246 Quiritium
685 211 763 252 pro
786 211 958 252 sponsa,
984 196 1219 252 Verginius
1246 196 1436 238 militum
1457 211 1536 250 pro
1556 197 1683 238 unica

110 258 220 311 filia,
253 271 401 298 omnes
422 256 600 298 deorum
629 256 937 311 hominumque
963 256 1291 310 implorabimus
1312 256 1458 309 fidem,
1477 270 1615 311 neque
1636 259 1683 298 tu

109 316 225 358 istud
244 330 448 370 umquam
464 316 681 358 decretum
703 316 793 358 sine
814 316 939 358 caede
960 318 1109 357 nostra
1137 315 1309 357 referes.
1349 316 1535 370 postulo,
1556 315 1683 370 Appi,
1713 328 1754 359 10

110 375 242 417 etiam
263 378 390 430 atque
412 376 542 417 etiam
569 375 823 430 consideres,
843 390 926 430 quo
947 375 1236 430 progrediare.
1273 374 1506 430 Verginius
1526 375 1683 417 viderit
1711 387 1753 418 11

110 435 163 476 de
194 435 299 489 filia,
330 436 405 476 ubi
432 436 605 488 venerit,
639 435 739 489 quid
767 439 886 489 agat,
912 435 995 476 hoc
1019 437 1190 476 tantum
1217 435 1337 489 sciat,
1368 435 1462 488 sibi,
1490 435 1527 476 si
1553 427 1685 487 huffif

111 494 312 536 vindiciis
345 495 536 548 cesserit,
571 494 862 536 condicionem
888 494 1002 535 filiae
1030 494 1316 548 quaerendam
1345 508 1448 538 esse.
1494 509 1561 536 me
1592 495 1681 535 vin-

112 554 326 596 dicantem
358 568 562 609 sponsam
589 554 634 594 in
660 554 905 594 libertatem
932 553 1023 594 vita
1050 553 1177 594 citius
1205 554 1373 595 deseret
1394 569 1524 609 quam
1549 553 1682 595 fides.²

232 612 463 655 Concitata
500 612 731 654 multitudo
770 615 863 653 erat
901 615 1203 667 certamenque
1245 614 1408 655 instare
1445 614 1683 655 videbatur.
1697 615 1754 656 46

110 673 281 714 lictores
313 673 479 714 Icilium
517 672 912 727 circumsteterant3
951 686 1030 713 nec
1068 672 1184 713 ultra
1224 672 1364 714 minas
1402 675 1549 714 tamen
1587 688 1683 728 pro-

111 746 281 774 cessum
313 734 395 785 est,
428 746 525 773 cum
551 731 722 785 Appius
755 746 844 773 non
870 730 1126 786 Verginiam
1159 731 1328 773 defendi
1361 733 1414 774 ab
1440 732 1577 785 Icilio,
1610 732 1683 774 sed
1711 745 1731 776 2

112 791 353 846 inquietum
379 791 602 833 hominem
623 794 666 832 et
683 791 954 833 tribunatum
981 791 1110 833 etiam
1138 806 1250 833 nunc
1278 792 1516 846 spirantem
1542 793 1685 833 locum

111 851 334 892 seditionis
380 865 583 906 quaerere
628 851 804 893 diceret:
849 865 936 893 non
981 851 1282 905 praebiturum
1328 865 1371 892 se
1416 851 1481 892 illi
1523 866 1572 893 eo
1617 852 1685 893 die
1712 865 1732 895 3

112 911 355 966 materiam3
390 910 463 951 sed
496 913 545 952 ut
576 910 664 952 iam
697 911 826 952 sciret
856 925 942 952 non
971 910 1015 951 id
1041 911 1308 964 petulantiae
1335 925 1449 964 suae,
1483 911 1557 952 sed
1577 909 1684 952 Ver-

111 969 231 1025 ginio
276 970 447 1011 absenti
480 972 524 1011 et
553 970 695 1024 patrio
727 970 895 1012 nomini
928 972 970 1011 et
999 970 1191 1011 libertati
1231 970 1396 1023 datum,
1434 971 1501 1012 ius
1535 985 1584 1013 eo
1617 970 1684 1012 die

111 1043 157 1071 se
182 1044 272 1071 non
299 1029 512 1071 dicturum
544 1044 682 1084 neque
715 1029 934 1083 decretum
966 1030 1342 1084 interpositurum3
1375 1046 1399 1071 a
1425 1029 1481 1073 M.
1504 1029 1685 1073 Claudio

111 1089 362 1143 petiturum,
387 1091 436 1130 ut
463 1089 685 1131 decederet
710 1090 802 1130 iure
829 1104 905 1131 suo
933 1089 1227 1145 vindicarique
1254 1090 1443 1144 puellam
1470 1090 1516 1131 in
1543 1092 1686 1145 poste-

111 1163 208 1189 rum
250 1148 363 1190 diem
403 1151 633 1203 pateretur.
696 1149 809 1203 quod
849 1148 934 1190 nisi
978 1152 1101 1203 pater
1141 1151 1315 1204 postero
1358 1149 1424 1190 die
1467 1149 1686 1204 adfuisset,
1712 1162 1735 1192 4

113 1208 366 1249 denuntiare
393 1223 438 1250 se
466 1207 588 1250 Icilio
616 1208 913 1264 similibusque
939 1208 1048 1263 Icili,
1079 1223 1216 1263 neque
1249 1209 1338 1263 legi
1368 1224 1468 1250 suae
1501 1209 1685 1251 latorem

110 1281 251 1322 neque
283 1268 521 1309 decemviro
555 1268 847 1309 constantiam
877 1267 1039 1322 defore,
1070 1282 1149 1310 nec
1176 1283 1220 1310 se
1247 1269 1394 1323 utique
1421 1269 1686 1324 collegarum

110 1327 286 1369 lictores
325 1330 661 1369 convocaturum
694 1328 746 1369 ad
780 1327 1036 1370 coercendos
1070 1327 1294 1370 seditionis
1334 1330 1548 1384 auctores3
1589 1342 1687 1371 con-

111 1388 281 1428 tentum
315 1401 359 1428 se
393 1387 480 1428 suis
513 1387 738 1428 lictoribus
771 1388 875 1429 fore.

232 1444 341 1488 Cum
362 1446 543 1487 dilatum
569 1450 738 1501 tempus
766 1447 948 1489 iniuriae
970 1448 1084 1489 esset
1105 1447 1468 1504 secessissentque
1489 1447 1688 1489 advocati
1714 1459 1734 1492 5

111 1505 292 1560 puellae,
324 1506 486 1560 placuit
518 1506 712 1548 omnium
743 1507 931 1561 primum
962 1506 1142 1548 fratrem
1168 1506 1262 1548 Icili
1289 1508 1508 1563 filiumque
1534 1507 1686 1549 Numi-

110 1565 209 1622 tori,
240 1565 450 1621 impigros
476 1566 664 1622 iuvenes,
697 1580 875 1622 pergere
904 1566 1002 1608 inde
1029 1569 1147 1608 recta
1173 1567 1226 1608 ad
1252 1570 1436 1622 portam,
1469 1570 1522 1622 et,
1555 1582 1687 1622 quan-

158 1694 305 1740 referes]
335 1694 614 1739 ‘wiederholen,
644 1695 857 1737 erneuern’;

934 1693 1052 1729 durch
1083 1695 1262 1730 decretum
1287 1696 1610 1740 interpositarum,
1650 1707 1689 1730 er

111 1741 187 1786 vgl.
213 1741 308 1786 Kap.
338 1745 392 1784 10,
419 1745 439 1776 5
466 1754 500 1776 u.
530 1745 585 1783 55,
613 1746 644 1777 6.

933 1741 1044 1777 wolle
1065 1742 1201 1777 keinen
1215 1742 1360 1787 Spruch
1380 1743 1497 1778 fallen
1511 1744 1588 1778 und
1609 1743 1687 1778 kei-

162 1792 216 1824 10.
244 1789 409 1835 postulo]
448 1790 517 1824 mit
547 1789 861 1834 nachfolgendem

110 1835 219 1881 Konj.
242 1837 338 1885 ohne
358 1841 412 1880 ut,
429 1837 498 1871 wie
514 1836 617 1872 Caes.
639 1837 673 1873 b.
691 1837 732 1873 Gr.
744 1836 779 1881 4,
806 1841 860 1881 16,

113 1889 133 1919 3
150 1895 185 1918 11.
199 1883 278 1919 Liv.
291 1884 352 1928 21,
364 1888 419 1928 12,
430 1887 468 1926 5;
492 1885 562 1919 mit
574 1885 861 1930 vorausgestell-

111 1933 190 1967 tem
216 1932 324 1977 Konj.
349 1931 409 1977 22,
437 1936 492 1976 53,
520 1935 562 1966 12
583 1933 624 1967 iu
648 1933 734 1968 haee
753 1933 862 1968 verba

110 1980 209 2015 iwres
224 1980 384 2024 postulo,
401 1979 525 2025 Nepos
543 1980 577 2023 1,
596 1984 625 2024 1,
647 1983 669 2014 4
682 1992 716 2016 u,
737 1980 769 2024 7,
784 1984 816 2023 4,
832 1984 862 2015 1.

162 2031 217 2062 11.
244 2027 506 2073 condicionem]
529 2027 626 2063 ‘eine
646 2027 802 2063 Partie’.
818 2049 862 2053 —

113 2075 235 2110 Wenn
261 2075 460 2120 Verginius
487 2077 572 2110 dem
598 2075 776 2110 Claudius
803 2075 863 2110 die

114 2122 294 2169 Verginia
306 2122 364 2157 bis
378 2136 442 2158 zur
456 2122 740 2168 Entscheidung
754 2123 863 2158 fiber-

111 2167 212 2214 lasst,
239 2170 332 2205 wird
358 2170 411 2205 sie
438 2171 587 2206 entehrt
612 2172 761 2206 werden
786 2171 863 2206 und

115 2218 216 2253 einer
239 2218 483 2263 Versorgung
508 2219 702 2254 bedfirfen.

161 2265 424 2311 vindicantem]
451 2266 556 2301 nicht
580 2267 678 2301 nach
706 2267 862 2302 Rechts-

114 2311 286 2355 formeln,
299 2313 459 2347 sondern
471 2313 522 2347 im
532 2313 677 2348 offenen
691 2314 862 2359 Kampfe.

115 2406 144 2441 Τ
162 2359 266 2405 fides]
294 2360 353 2394 die
381 2360 502 2395 seiner
528 2361 644 2396 Braut
669 2362 865 2407 schuldige

147 2418 243 2442 reue.

162 2454 226 2490 46.
275 2457 305 2491 1.
338 2465 548 2500 processum
585 2456 651 2502 est]
690 2457 802 2491 naml.
842 2468 866 2492 a

118 2502 310 2538 lictoribus
334 2505 440 2538 iussu
464 2504 579 2548 Appi.

164 2553 196 2585 2.
218 2551 450 2585 tribunatum
465 2578 472 2585 .
489 2578 496 2586 .
514 2578 520 2584 .
541 2551 757 2597 spirantem]
780 2551 866 2586 wel-

118 2597 206 2632 cher
237 2597 334 2633 noch
364 2598 497 2632 immet
527 2598 601 2633 den
626 2597 732 2633 Geist
765 2598 865 2633 eines

116 2644 275 2680 Tribuns
294 2644 333 2680 in
349 2646 428 2681 sich
447 2648 564 2691 trage.
583 2666 626 2671 —
646 2647 755 2681 etiam
768 2656 867 2681 nune

116 2704 184 2728 aus
210 2693 276 2728 der
301 2693 474 2728 direkten
497 2692 600 2729 Rede
626 2693 867 2728 beibehalten

119 2742 212 2775 statt
235 2741 345 2776 etiam
368 2744 456 2777 tum.

166 2792 198 2822 3.
231 2788 375 2835 datum]
403 2789 459 2824 ‘es
487 2788 541 2824 361
566 2788 776 2833 geschehen
802 2798 867 2823 aus

119 2833 326 2871 Riicksicht
351 2837 450 2880 auf’;
475 2836 551 2881 vgl.
579 2836 672 2880 Kap.
700 2839 757 2880 58,
784 2839 816 2870 4.

165 2883 225 2917 ius
251 2911 259 2919 .
281 2910 288 2917 .
310 2911 318 2919 .
346 2884 547 2931 dicturum]
584 2885 701 2918 naher
727 2883 868 2919 erklart

935 1801 1007 1824 nen
1032 1788 1237 1825 Entscheid
1264 1791 1431 1826 erteilen.
1456 1811 1500 1817 —
1528 1790 1594 1826 Bei
1620 1791 1687 1826 der

934 1838 1183 1872 vei-'anderten
1198 1838 1383 1883 Sachlage
1399 1841 1502 1884 wagt
1516 1851 1555 1874 er
1571 1838 1687 1882 nicht,

936 1885 1063 1919 seinen
1098 1885 1242 1930 Spruch
1274 1897 1318 1920 zu
1350 1886 1579 1930 vollziehen,
1611 1887 1688 1921 und

936 1933 1040 1977 giebt
1066 1932 1146 1967 sich
1172 1934 1245 1968 den
1270 1933 1471 1978 Anschein,
1498 1935 1553 1969 als
1582 1935 1687 1970 stehe

937 1980 1015 2014 sein
1035 1979 1165 2015 Klient
1184 1982 1251 2016 auf
1273 1982 1373 2017 361116
1395 1982 1495 2016 Bitte
1515 1993 1590 2017 von
1619 1983 1688 2017 sei-

935 2039 1020 2062 nem
1052 2028 1193 2064 Rechte
1229 2029 1275 2064 ab
1314 2030 1404 2074 (vgl.
1429 2029 1523 2074 Kap.
1551 2034 1613 2075 33,
1644 2034 1688 2065 10

936 2077 1084 2111 decessit
1109 2077 1189 2112 iure
1214 2078 1305 2121 suo).

982 2124 1184 2169 vindicam]
1222 2123 1261 2159 in
1296 2124 1460 2160 Freiheit
1500 2124 1689 2161 entlassen

939 2171 1096 2206 werden.

984 2224 1017 2254 4.
1050 2219 1186 2266 defore]
1223 2220 1278 2255 ‘so
1311 2221 1435 2256 werde
1467 2221 1592 2256 weder
1625 2221 1689 2256 der

938 2266 1188 2312 Gesetzgeber
1219 2268 1298 2303 sein
1324 2269 1456 2304 Gesetz
1491 2270 1587 2304 noch
1624 2269 1689 2303 der

938 2313 982 2350 D.
1019 2315 1092 2350 den
1129 2314 1211 2350 Mut
1250 2316 1466 2362 aufgeben⁷,
1505 2317 1539 2351 d.
1576 2317 1611 2351 h.
1650 2327 1689 2351 er

938 2363 1062 2397 werde
1093 2361 1164 2397 mit
1196 2362 1406 2410 Festigkeit
1443 2364 1522 2398 sein
1555 2363 1688 2399 Gesetz

939 2410 1153 2445 ausffihren.

987 2461 1019 2492 5.
1045 2458 1281 2504 secessissent]
1301 2459 1415 2494 naml.
1437 2471 1481 2494 zu
1502 2459 1604 2494 einer
1619 2459 1689 2493 Be-

938 2507 1087 2549 ratung.

987 2552 1149 2587 omnium
1178 2553 1357 2599 primum]
1397 2553 1483 2598 Vgl.
1518 2566 1562 2588 zu
1594 2552 1689 2599 Kap.

987 2647 1105 2690 fillium
1141 2646 1348 2694 Numitori]
1387 2648 1588 2694 Schwager
1625 2649 1690 2685 des

940 2693 1154 2738 Verginius,
1181 2694 1314 2730 Oheim
1341 2695 1408 2731 der
1432 2696 1622 2742 Verginia.

987 2741 1103 2787 reeta]
1130 2741 1294 2778 Adverb.
1330 2743 1517 2788 Erg'anze:
1543 2744 1617 2781 υῆ.

986 2789 1038 2827 ‚ad
1071 2789 1233 2835 portam]
1266 2790 1344 2825 scil.
1379 2790 1582 2836 Capenam,
1617 2803 1692 2828 von

940 2847 997 2871 wo
1024 2835 1085 2871 die
1110 2837 1173 2872 via
1191 2837 1335 2874 Latina
1358 2839 1456 2874 nach
1482 2839 1566 2874 dem
1585 2839 1690 2886 Algi-

941 2884 1008 2919 dus
1035 2884 1170 2920 fiihrte.
