1799 3105
660 95 808 131 LIBER
832 95 896 132 111.
932 95 1034 131 CAP.
1061 99 1118 131 40.
1611 94 1666 136 69

100 116 126 134 a.
146 107 211 134 Chr.
232 114 260 132 n.
279 107 341 131 449.

100 206 304 261 patricios
325 204 437 246 coire
459 204 512 246 ad
532 204 798 258 prodendum
823 206 1081 260 interregem
1104 204 1290 247 iubebat.
1324 202 1533 245 censendo
1554 203 1668 244 enim

102 278 391 321 quoscumque
419 264 698 319 magistratus
720 279 830 319 esse,
857 265 929 319 qui
950 267 1145 306 senatum
1164 263 1388 317 haberent,
1406 263 1668 313 iudicabant,

101 339 207 379 quos
233 323 427 379 privatos
459 323 621 365 fecerat
654 327 802 365 auctor
834 324 994 365 nullius
1028 327 1202 365 senatus
1246 323 1432 365 consulti
1470 321 1668 363 faciendi.

218 382 287 425 Ita
319 383 492 424 labente
530 383 616 424 iam
656 397 785 424 causa
823 383 1158 425 decemvirorum
1196 382 1243 426 L.
1275 381 1499 425 Cornelius
1531 381 1668 422 Malu-

101 442 312 498 ginensis,
344 441 400 485 M.
436 441 608 484 Corneli
641 442 871 484 decemviri
900 442 1050 496 frater,
1083 457 1178 484 cum
1206 457 1256 484 ex
1283 441 1580 484 consularibus
1614 440 1667 482 ad

99 502 302 544 ultimum
324 501 489 543 dicendi
508 502 649 543 locum
676 502 873 544 consulto
896 504 1091 543 servatus
1113 504 1237 556 esset,
1259 501 1500 543 simulando
1522 514 1668 542 curam

100 562 204 603 belli
230 561 409 602 fratrem
436 561 708 615 collegasque
742 561 832 602 eius
858 561 1072 614 tuebatur,
1099 575 1284 615 quonam
1315 561 1405 602 fato
1433 559 1667 613 incidisset,
1720 574 1725 586 ¹

100 620 253 662 mirari
287 634 332 661 se
365 620 576 674 dictitans,
608 623 657 661 ut
676 620 956 673 decemviros,
990 620 1062 674 qui
1089 620 1425 661 decemviratum
1446 620 1669 674 petissent,

102 683 176 721 aut
203 680 282 737 §gli
311 682 386 720 aut
411 679 456 720 hi
482 679 667 720 maxime
695 683 1016 734 oppugnarent3
1051 683 1125 720 aut
1151 679 1253 734 quid
1279 680 1352 732 ita,
1379 694 1474 721 cum
1501 693 1578 733 per
1603 680 1671 720 tot

100 753 269 781 menses
295 753 430 780 vacua
451 738 625 780 civitate
651 753 790 793 nemo,
815 739 973 780 iustine
999 739 1281 793 magistratus
1310 753 1501 780 summae
1527 753 1671 779 rerum

102 801 371 853 praeessent,
410 798 750 839 controversiam
794 798 961 849 fecerit,
1004 812 1118 839 nunc
1150 798 1338 853 demum,
1384 813 1478 839 cum
1523 797 1671 839 hostes

102 872 236 913 prope
269 857 323 898 ad
354 859 502 911 portas
542 857 647 912 sint,
693 858 828 899 civilis
868 858 1102 899 discordias
1141 860 1306 908 serant,
1355 858 1441 898 nisi
1480 857 1593 911 quod
1624 857 1671 897 in

99 916 274 959 turbido
296 917 438 958 minus
458 917 732 972 perspicuum
760 917 850 959 fore
876 920 1040 971 putent,
1075 917 1176 972 quid
1204 920 1370 972 agatur.
1413 919 1670 958 ceterum—

101 990 178 1018 nec
207 976 321 1017 enim
348 976 510 1018 maiore
531 991 634 1018 cura
654 977 872 1031 occupatis
899 976 1053 1018 animis
1081 992 1229 1023 venum
1249 991 1342 1018 esse
1361 976 1670 1031 praeiudicium

99 1036 162 1077 rei
194 1038 339 1077 tantae
372 1036 464 1076 fieri
495 1060 554 1065 —
581 1036 663 1077 sibi
693 1036 862 1090 placere
895 1036 945 1078 de
978 1051 1044 1090 eo,
1077 1036 1190 1091 quod
1219 1036 1420 1078 Valerius
1447 1035 1672 1077 Horatius-

102 1110 184 1150 que
217 1098 316 1137 ante
348 1095 443 1136 idus
475 1094 612 1136 Maias
647 1095 908 1137 decemviros
942 1096 1084 1137 abisse
1115 1096 1376 1150 magistratu
1408 1095 1671 1149 insimulent,

103 1154 230 1196 bellis
259 1169 366 1210 quae
393 1155 647 1196 immineant
672 1155 891 1209 perfectis,
916 1170 961 1196 re
988 1155 1161 1209 publica
1192 1156 1236 1196 in
1267 1155 1548 1210 tranquillum
1581 1153 1672 1195 red-

105 1217 222 1267 acta,
262 1216 413 1255 senatu
447 1214 713 1273 disgegtante
747 1214 837 1270 agi,
881 1216 924 1256 et
961 1214 1049 1256 iam
1087 1229 1202 1256 nunc
1239 1215 1302 1256 ita
1334 1229 1377 1256 se
1411 1228 1562 1268 parare
1590 1212 1672 1267 Ap.

102 1271 348 1327 Claudium,
389 1276 438 1314 ut
478 1274 770 1327 comitiorum,
804 1288 912 1329 quae
948 1273 1199 1315 decemviris
1233 1274 1427 1316 creandis
1461 1272 1674 1315 decemvir

925 1414 1032 1449 einen
1060 1413 1378 1449 Senatsbeschluss
1413 1414 1674 1449 herbeizuffih·

924 1473 1007 1506 ren,
1033 1463 1140 1497 nicht
1164 1462 1371 1497 zuerkannt
1395 1462 1530 1496 warde.

144 1413 344 1459 patricios]
360 1412 420 1447 die
432 1413 615 1448 Patrizier
627 1414 850 1458 uberhaupt,

101 1460 208 1495 nicht
238 1458 331 1495 bloss
364 1459 425 1495 die
460 1461 712 1505 patrizischen
739 1461 850 1497 Sena-

99 1509 208 1544 toren
235 1509 323 1553 (vgl.
352 1521 397 1543 zu
422 1509 516 1554 Kap.
544 1513 576 1552 8,
604 1510 652 1554 2).

143 1568 391 1614 prodendum]
425 1567 498 1603 Ffir
531 1568 590 1603 die
623 1569 851 1613 Ernennung

102 1614 203 1650 eines
224 1614 390 1650 Interrex
414 1614 464 1650 ist
481 1617 633 1660 prodere
653 1617 851 1651 stehender

100 1663 298 1698 Ausdruck
343 1663 432 1708 (vgl.
477 1665 691 1699 dictatorem
734 1665 851 1699 dicere

100 1709 194 1755 Kap.
222 1714 279 1753 26,
307 1713 353 1755 6).

152 1769 313 1815 iubebat]
350 1781 423 1804 von
459 1770 543 1804 dem
570 1770 737 1815 Antrage
771 1781 853 1805 aus-

103 1819 253 1862 gesagt,
292 1817 469 1852 wahrend
503 1816 707 1861 eigentlich
741 1817 853 1852 dabei

103 1875 150 1898 an
177 1865 248 1899 den
268 1864 544 1910 Antragsteller
571 1865 734 1910 gedacht
758 1865 853 1901 wird

103 1912 245 1957 (fiblieh
273 1911 341 1946 ist:
367 1913 424 1947 lex
449 1913 572 1957 iubet).

156 1971 345 2018 censendo]
380 1970 547 2006 dadurch
577 1969 652 2006 dass
677 1984 762 2007 man
790 1972 853 2007 ab·

108 2018 286 2062 stimmte,
316 2019 424 2054 einen
450 2017 638 2054 Beschluss
657 2017 774 2064 fasste,
798 2031 852 2055 er-

103 2065 226 2101 klarte
253 2078 340 2102 man
368 2067 463 2101 eben
494 2069 561 2102 etc.
609 2079 748 2103 censere
774 2068 851 2103 ‘be-

102 2111 315 2196 {chliessen'
361 2114 412 2150 ist
452 2116 559 2151 term.
604 2115 727 2152 techn.
766 2127 852 2151 vom

129 2163 228 2197 enat.

150 2216 404 2262 quoscumque]
435 2216 582 2261 ‘irgend
608 2217 769 2258 welche,
801 2216 849 2251 ir-

104 2264 204 2307 gend
213 2263 478 2299 welcherArt’.
499 2264 625 2298 Livius
639 2264 850 2309 gebraucht

103 2311 317 2355 quicumque
342 2311 520 2346 zuweilen
553 2312 608 2346 als
639 2312 849 2347 Pronomen

104 2357 340 2392 indefinitum
367 2358 415 2401 (1,
443 2362 498 2401 39,
522 2361 559 2400 53
586 2359 621 2402 9,
643 2363 675 2402 9,
698 2363 764 2402 11;
791 2358 852 2403 22,

105 2408 161 2448 58,
190 2409 227 2447 5;
255 2404 316 2447 33,
342 2409 400 2448 45,
426 2408 464 2448 2;
495 2404 555 2448 35,
584 2409 639 2449 13,
667 2409 712 2451 9).
764 2406 852 2441 Dies

105 2452 223 2487 findet
261 2452 341 2487 sich
379 2451 493 2487 sehon
528 2452 656 2487 frtiher
698 2454 737 2488 in
781 2454 854 2488 den

104 2499 271 2535 Phrasen
297 2511 521 2545 quencumque
539 2502 682 2535 ratione
703 2500 792 2546 (Cic.
814 2502 852 2535 in

106 2547 184 2582 Cat.
212 2551 245 2590 2,
278 2550 297 2589 ξ
321 2551 380 2591 11;
413 2548 461 2582 ad
488 2548 564 2583 Ati).
595 2551 656 2592 12,
683 2552 747 2592 293
773 2548 852 2583 Liv.

105 2594 166 2638 36,
183 2598 215 2639 7,
236 2598 270 2636 3)
289 2595 364 2629 und
384 2606 604 2639 quocumque
623 2597 726 2630 modo
747 2595 850 2640 (Sall.

105 2643 184 2688 lug.
207 2646 286 2686 103,
307 2646 346 2685 33
366 2641 472 2687 Prop.
488 2642 522 2686 l,
544 2645 577 2685 8,
598 2646 660 2685 343
687 2643 774 2678 Hor.
795 2653 851 2687 ep.

105 2689 141 2732 1,
170 2694 200 2734 1,
228 2692 298 2734 66).
348 2690 455 2725 Aue-h
482 2689 555 2735 vgl.
584 2690 649 2724 Ov.
677 2690 765 2725 Met.
797 2694 852 2734 15,

105 2740 174 2771 412
205 2738 378 2782 protinus
403 2738 595 2773 assimulat
624 2741 725 2772 tactu
749 2748 852 2782 quos—

107 2795 256 2830 cumque
282 2786 424 2821 colores.

150 2840 318 2883 privatos
348 2840 497 2883 fecerat]
535 2838 760 2883 wenigstens
798 2838 854 2873 in-

106 2884 248 2930 direkt,
281 2886 406 2922 indem
433 2887 546 2922 ihnen
572 2886 633 2921 die
662 2885 852 2931 Befugnis,

972 1510 1115 1556 auctor]
1158 1509 1369 1555 derjenige,
1408 1510 1569 1545 welcher
1602 1509 1675 1544 den

924 1558 1070 1602 Antrag
1095 1557 1249 1602 gestellt
1274 1558 1390 1593 hatte.

1698 689 1741 721 10

1700 929 1742 960 11

1701 1226 1743 1256 12

972 1608 1004 1641 8.
1031 1605 1074 1639 L.
1093 1604 1298 1652 Cornelius]
1319 1605 1461 1640 Konsul
1483 1609 1570 1648 459;
1597 1604 1674 1650 vgl.
1700 1656 1703 1658 q

923 1652 1018 1697 Kap.
1046 1656 1102 1695 22,
1131 1656 1161 1687 l.

975 1701 1024 1735 ad
1055 1701 1223 1735 ultimum
1255 1701 1402 1735 dicendi
1427 1700 1559 1746 locum]
1596 1700 1674 1735 ‘um

927 1747 1063 1782 zuletzt
1089 1747 1189 1782 seine
1217 1747 1371 1783 Stimme
1398 1747 1641 1793 abzugeben’.

975 1799 1006 1829 9.
1035 1795 1100 1840 qui
1112 1796 1389 1830 decemviratum
1397 1795 1587 1840 petissent]
1608 1795 1674 1829 Er-

927 1846 1044 1887 g'anze
1070 1843 1116 1886 ii,
1155 1842 1312 1887 Subjekt
1338 1856 1379 1877 zu
1407 1846 1672 1888 oppuqnarent.

977 1894 1031 1926 10.
1057 1892 1125 1932 ita,
1152 1889 1293 1925 erklart
1319 1890 1436 1926 durch
1457 1902 1538 1925 cum
1554 1919 1561 1925 .
1577 1919 1585 1926 .
1600 1919 1608 1927 .
1623 1891 1673 1933 fe-

927 1938 1032 1980 cerit,
1067 1938 1259 1972 Ausdruck
1282 1937 1347 1973 der
1366 1936 1650 1983 Missbilligung.

968 1996 1037 2030 per
1062 1989 1114 2021 tot
1135 1986 1286 2031 menses]
1313 1986 1543 2020 rhetorische
1558 1985 1674 2021 Uber-

925 2033 1118 2078 treibung,
1158 2033 1206 2068 da
1238 2034 1304 2067 wir
1342 2034 1452 2077 (nach
1483 2033 1576 2078 Kap.
1616 2037 1673 2078 38,

927 2082 1032 2123 1—3)
1058 2080 1155 2116 noch
1190 2081 1241 2115 im
1273 2081 1422 2127 Anfang
1454 2080 1519 2116 des
1549 2080 1673 2116 Amts-

920 2127 1047 2173 jahres
1073 2129 1214 2163 stehen.

974 2179 1028 2210 11.
1069 2187 1191 2211 verum
1223 2176 1310 2222 esse]
1339 2194 1383 2205 =
1402 2188 1557 2222 aequum
1583 2187 1674 2218 6856,-

922 2222 956 2264 2,
984 2227 1041 2267 48,
1068 2227 1106 2267 23
1135 2224 1168 2267 7,
1197 2228 1251 2267 13,
1280 2228 1316 2267 73
1344 2224 1403 2269 23,
1432 2228 1487 2267 11,
1516 2228 1570 2259 12.

968 2272 1258 2318 praeiudicium]
1272 2271 1342 2307 Die
1354 2271 1568 2316 bisherigen
1575 2272 1672 2306 Red-

925 2329 990 2353 ner
1023 2319 1215 2354 stimmten
1248 2318 1355 2354 darin
1386 2319 1558 2363 iiberein,
1597 2317 1673 2353 dass

927 2366 978 2400 sie
1000 2366 1059 2401 die
1079 2367 1352 2412 Amtsffihrung
1373 2367 1438 2402 der
1451 2366 1671 2402 Dezemvirn

925 2413 984 2447 ffir
1004 2414 1085 2448 eine
1108 2414 1385 2459 ungesetzliche
1403 2414 1555 2449 hielten.
1583 2414 1670 2448 Cor-

925 2461 1046 2495 nelius
1072 2462 1191 2496 meint
1221 2474 1314 2496 nun:
1347 2462 1395 2497 da
1427 2462 1508 2496 eine
1541 2462 1672 2506 ruhige

925 2508 1154 2552 Eriirterung
1179 2509 1301 2544 diener
1325 2508 1527 2554 wichtigen
1553 2509 1672 2553 Frage

926 2567 989 2589 zur
1015 2555 1096 2590 Zeit
1118 2556 1334 2601 unmoglich
1356 2556 1420 2600 sei,
1446 2567 1486 2591 so
1506 2555 1598 2591 solle
1619 2555 1672 2590 sie

928 2603 1004 2636 erst
1031 2605 1156 2647 spater
1181 2615 1267 2638 vom
1292 2603 1426 2639 Senate
1452 2603 1673 2638 untersucht

926 2650 1075 2684 werden
1107 2651 1182 2684 und
1215 2650 1321 2685 dfirfe
1350 2652 1447 2696 jetzt
1477 2651 1564 2685 kein
1601 2649 1673 2686 Be-

927 2694 1062 2731 schluss
1087 2695 1218 2742 gefasst
1237 2698 1397 2741 werden,
1424 2698 1586 2733 welcher
1606 2698 1672 2733 der

928 2744 1170 2789 endgi'iltigen
1185 2745 1466 2791 Entscheidung
1480 2746 1672 2783 derselben

926 2791 1122 2836 vorgreife.

975 2843 1060 2874 ante
1084 2839 1185 2886 idus]
1207 2856 1251 2869 =
1267 2841 1391 2885 pridie
1415 2841 1510 2876 idus.

978 2890 1032 2922 12.
1072 2887 1314 2934 comitiorum]
1347 2888 1453 2923 nicht
1485 2888 1578 2924 iiber
1613 2888 1672 2924 die
