1799 3105
82 157 102 188 9

61 216 104 247 10

60 452 100 482 11

59 738 108 773 65

85 871 105 902 Ιῧ

129 37 211 79 136
639 36 783 72 LIBER
808 37 850 71 ΙΙ.
904 35 1004 72 CAP.
1033 37 1087 71 64.
1116 39 1170 70 65.

1439 53 1463 72 a.
1486 54 1514 73 u.
1536 48 1596 74 285.
1617 48 1685 74 286„

131 160 266 187 manos
306 154 420 187 nocte
460 147 646 186 abituros.
709 148 839 197 itaque
878 148 991 185 tertia
1032 146 1113 185 sere
1152 146 1280 197 vigilia
1319 146 1364 185 ad
1404 153 1530 187 castra
1563 160 1684 199 opva

132 207 282 258 gnanda
327 209 498 245 veniunt.
561 206 768 251 Quinctius
813 205 945 244 sedato
991 205 1177 257 tumultu,
1222 218 1338 257 quem
1369 213 1498 246 terror
1530 207 1685 246 subitus

129 268 343 317 exciverat,
377 278 464 304 cum
498 277 653 303 manere
686 266 725 302 in
758 265 938 303 tentoriis
972 266 1147 315 quietum
1168 264 1331 303 militem
1357 267 1554 318 iussisset,
1586 265 1684 305 Her-

129 327 309 364 nicorum
343 325 543 363 cohortem
576 325 615 361 in
649 325 854 362 stationem
888 323 1038 375 educit,
1071 325 1291 361 cornicines
1329 324 1602 376 tubicinesque
1641 325 1682 363 in

131 396 252 435 equos
286 385 476 434 inpositos
515 395 654 421 canere
693 388 780 421 ante
815 381 955 421 vallum
989 382 1098 421 iubet
1129 382 1418 434 sollicitumque
1451 383 1603 422 hostem
1635 383 1685 422 ad

130 443 256 482 lucem
285 449 429 481 tenere.
481 441 644 480 relicum
671 443 797 480 noctis
825 441 919 480 adeo
948 441 1153 492 tranquilla
1181 443 1309 480 omnia
1335 443 1374 480 in
1401 444 1540 481 eastris
1561 442 1688 494 suere,

130 510 173 541 ut
207 503 332 539 somni
365 513 521 552 quoque
554 500 738 539 Romanis
769 502 878 551 copia
905 506 1020 539 esset.
1082 500 1241 539 Volscos
1268 503 1420 551 species
1446 506 1683 540 armatorum

130 561 323 612 peditum,
364 572 461 611 quos
494 565 531 598 et
563 559 696 610 plures
729 572 814 598 csse
847 566 885 598 et
917 559 1110 598 Romanos
1137 559 1345 612 putabant,
1388 560 1567 599 fremitus
1599 560 1684 599 hin-

131 622 315 671 nitusque
349 631 558 670 equorum,
592 620 659 670 qui
692 624 730 657 et
760 620 915 657 insueto
949 619 1108 657 sedente
1142 620 1272 670 equite
1306 625 1345 658 et
1376 620 1538 670 insuper
1569 631 1687 658 aures

131 680 300 729 agitante
334 680 464 716 sonitu
498 677 740 729 saeviebant,
778 679 950 716 intentos
983 677 1088 716 velut
1126 678 1172 716 ad
1205 679 1394 729 impetum
1426 678 1599 717 hostium
1630 684 1689 716 te-

133 739 230 776 nuit.
294 737 367 775 [hi
405 736 562 788 inluxit„
601 736 798 775 Romanus
837 738 989 787 integer
1021 738 1261 788 satiatusque
1295 749 1430 775 somno
1468 737 1687 788 productus

133 799 171 835 in
205 798 327 835 aciem
367 797 513 834 sessum
552 796 689 834 stando
728 801 767 833 et
804 795 945 845 vigiliis
978 795 1159 834 Volscum
1197 797 1323 846 primo
1362 797 1509 847 impetu
1548 808 1687 847 percu-

132 856 195 908 lit,
222 868 457 907 quamquam
484 867 638 893 cessere
666 855 788 905 magis
815 867 930 905 quam
957 854 1060 905 pulsi
1085 855 1217 893 hostes
1244 861 1355 906 sunt,
1387 856 1477 906 quia
1503 854 1550 893 ab
1576 860 1688 905 tergo

134 921 242 953 erant
278 914 383 966 clivi,
416 916 455 952 iu
489 926 587 965 quos
619 919 709 964 post
740 914 932 964 principia
965 915 1128 964 integris
1149 913 1354 952 ordinibus
1374 919 1484 952 tutus
1503 919 1692 964 receptus

133 975 216 1012 suit.
280 973 437 1024 consul,
470 972 538 1011 ubi
571 973 616 1011 ad
649 974 796 1011 inicum
828 972 957 1011 locum
989 978 1148 1011 ventum
1181 978 1256 1024 est,
1290 974 1393 1011 sistit
1424 974 1557 1011 aciem.
1619 974 1691 1010 mi-

132 1033 189 1071 165
233 1044 347 1083 aegre
387 1033 533 1083 teneri,
573 1031 738 1070 clamare
778 1037 816 1070 et
853 1043 1034 1083 poscere,
1079 1037 1122 1070 ut
1159 1031 1352 1082 perculsis
1384 1033 1530 1070 instare
1562 1031 1692 1070 liceat.

136 1092 306 1131 ferocius
339 1097 458 1141 agunt
491 1092 660 1142 equites,
700 1090 929 1129 circumfusi
961 1091 1052 1129 duci
1084 1092 1348 1129 vociferantur
1379 1103 1420 1129 se
1453 1095 1541 1129 ante
1580 1091 1692 1141 signa-

135 1153 272 1189 ituros.

136 1347 195 1381 die
221 1347 259 1381 in
291 1346 356 1380 das
381 1346 502 1391 Lager
535 1345 599 1380 der
629 1345 787 1380 Volsker
813 1356 877 1380 aus

137 1395 221 1428 dem
237 1393 410 1428 Volsker-
431 1393 506 1427 und
521 1393 777 1436 Aequerlande
798 1392 877 1427 hin-

136 1441 419 1476 zustremenden
444 1450 562 1474 neuen
588 1439 741 1485 Krieger
767 1440 877 1474 deren

136 1489 234 1523 Heer
259 1487 437 1533 gewaltig
461 1487 646 1522 verstarkt
671 1487 734 1522 sei.
774 1486 808 1522 S.
835 1499 877 1521 zu

138 1547 167 1571 c.
196 1540 251 1579 -25,
282 1541 311 1570 1.

188 1586 240 1617 10.
265 1587 317 1617 11.
346 1586 430 1616 tum.
452 1582 575 1623 cxciv„
601 1581 670 1616 wie
693 1586 724 1623 7,
746 1586 800 1624 11,
823 1586 877 1616 11.

136 1634 169 1673 3,
197 1633 251 1671 39,
281 1634 311 1664 2.
346 1633 478 1664 motum
504 1633 537 1673 3,
564 1633 618 1671 50,
645 1632 676 1663 2.
705 1632 736 1671 5,
764 1632 818 1672 10,
845 1633 877 1664 3.

137 1682 303 1712 terrorem
334 1681 389 1719 10,
414 1681 446 1718 4,
470 1681 498 1710 1.
544 1677 724 1720 procellas
744 1679 800 1720 28,
821 1680 878 1719 24,

137 1729 168 1760 2.
221 1725 346 1759 bellum
387 1727 425 1767 2,
451 1728 507 1767 42,
540 1728 572 1765 3,
611 1725 712 1758 sonst:
747 1723 878 1758 immer

138 1771 208 1806 11111
227 1771 484 1816 personliehen
506 1770 695 1815 Objecten.
718 1791 761 1795 ——
783 1770 878 1805 Her-

137 1821 299 1853 nicorum
328 1819 418 1858 coh„
453 1817 512 1852 die
544 1818 588 1852 H.
622 1818 751 1852 hatten
783 1818 877 1852 nach

139 1867 223 1901 dem
256 1877 284 1901 6.
312 1870 370 1909 41,
398 1870 415 1899 1
453 1865 664 1900 61ν1311111611
698 1865 878 1910 Vertrage

139 1914 194 1948 als
221 1913 548 1958 Bundesgenossen
574 1911 634 1946 ein
655 1911 881 1957 Contingent

137 1973 181 1995 zu
213 1960 354 1995 stellen.
384 1980 427 1985 —
458 1961 664 2002 stationem,
696 1970 762 1994 vor
796 1959 879 1993 dem

140 2007 270 2052 Lager.
298 2027 341 2032 —
370 2008 408 2040 in
434 2018 483 2051 eq.
510 2008 710 2051 imponere,
743 2007 813 2041 wie
839 2006 879 2040 L.

138 2055 270 2088 immer
297 2055 381 2098 3381
407 2053 525 2096 (1116111
550 2055 662 2098 equis)
689 2057 744 2097 35,
771 2057 827 2097 36,
848 2057 879 2088 8.

139 2106 196 2143 41,
223 2105 255 2145 4,
284 2105 313 2136 7.
366 2100 447 2145 Vgl.
486 2102 527 2135 in
558 2102 719 2135 iwnenta
749 2105 814 2144 41,
847 2104 881 2143 4,

141 2153 172 2183 3.
224 2149 263 2182 in
284 2148 491 2192 plaustrum
522 2151 554 2189 5,
576 2151 631 2190 40,
660 2151 719 2190 10;
746 2147 881 2181 ebenso

141 2197 232 2230 stete
266 2196 305 2229 in
338 2205 462 2236 naves,
492 2194 661 2239 dagegen
693 2198 748 2238 30,
780 2197 834 2237 10,
861 2197 880 2227 7

141 2243 321 2277 onerariis
346 2243 533 2285 imponere.
587 2241 619 2275 S.
648 2253 690 2275 zu
719 2245 748 2283 1,
777 2244 831 2283 18,
861 2243 881 2274 8

143 2289 346 2335 [Α11113118].
368 2309 411 2314 -—-
433 2299 574 2330 canere,
601 2287 778 2333 (Signale)
803 2288 882 2321 bla-

142 2348 222 2379 sen,
260 2336 329 2370 wie
370 2340 431 2377 24,
470 2339 532 2377 46,
569 2340 598 2370 6.
639 2339 701 2377 37,
739 2339 801 2378 29,
845 2339 882 2376 3;

142 2383 309 2429 1131111861
335 2384 477 2427 siquam
510 2383 627 2417 canit:
662 2382 727 2416 das
755 2382 884 2427 Signal

143 2434 285 2474 ertont,
317 2443 344 2464 z.
378 2430 415 2465 B.
450 2434 512 2472 27,
540 2433 601 2472 47,
628 2433 669 2472 3,
695 2430 801 2474 siqna
827 2439 883 2463 ca-

141 2482 252 2522 nunt,
291 2490 317 2512 z.
352 2478 391 2512 B.
426 2481 488 2520 24,
526 2480 579 2519 15,
621 2481 659 2519 1,
697 2477 885 2511 classicum

143 2527 271 2560 cecinit
296 2529 359 2568 28,
387 2529 448 2566 27,
486 2528 548 2566 15;
589 2524 684 2558 auch
723 2524 885 2558 bellicum

143 2574 290 2606 canitur
316 2576 372 2614 35,
396 2575 449 2615 18,
471 2575 506 2613 6;
534 2571 640 2605 tubae
666 2574 803 2606 canunt
829 2574 885 2612 27,

144 2624 198 2662 15,
229 2623 287 2662 14;
313 2622 337 2654 t.
365 2629 570 2663 cornuaque
595 2622 651 2661 30,
678 2621 734 2661 33,
762 2622 815 2651 12.
843 2637 886 2642 -—

142 2687 188 2691 —
215 2667 361 2701 relicum
387 2669 498 2707 noct„
524 2677 551 2700 s.
581 2677 624 2699 zu
651 2676 679 2700 c.
707 2668 762 2708 25,
788 2668 820 2699 2.
843 2683 886 2688 -

143 2713 282 2747 sedente
315 2730 358 2742 =
386 2713 571 2746 insidente.
600 2731 643 2737 —
671 2722 776 2746 aures
810 2712 886 2755 aqi-

143 2762 252 2804 tante,
272 2760 351 2795 ihre
373 2759 497 2794 Ohren
517 2759 799 2803 erechfitterten,
819 2770 888 2792 nur

142 2806 232 2840 11161.

337 1150 429 1188 (111111
462 1155 671 1188 cunctatur
704 1150 861 1201 consul,
894 1151 1038 1188 virtute
1070 1150 1238 1188 militum
1264 1150 1404 1201 fretus,
1437 1149 1522 1188 loco
1550 1161 1690 1200 parum

134 1210 274 1261 fidens,
308 1209 551 1248 conclamant
584 1222 624 1247 se
657 1210 799 1261 ituros,
833 1208 1120 1260 clamoremque
1152 1221 1216 1247 res
1246 1214 1305 1247 est
1331 1214 1475 1248 secuta.

1537 1208 1624 1247 fixis
1649 1209 1693 1246 111

996 1346 1059 1381 65.
1088 1350 1119 1381 1.
1140 1349 1171 1380 2.
1197 1346 1341 1389 satiati,
1372 1345 1411 1380 in
1436 1344 1689 1390 korperlicher

948 1392 1120 1428 Hinsicht
1144 1405 1212 1427 nur
1236 1394 1332 1428 noch
1364 1397 1421 1435 26,
1449 1397 1503 1435 13,
1533 1396 1573 1427 18
1606 1393 1692 1427 vino

950 1441 1103 1484 ciboque,
1119 1443 1220 1474 sonst
1233 1440 1471 1484 iibertragen:
1490 1440 1560 1482 ira,
1575 1439 1697 1481 caede,

948 1488 1148 1531 suppliciis,
1155 1498 1286 1531 poena,
1300 1488 1492 1531 conzpleoeu.
1510 1507 1553 1511 -—
1568 1497 1691 1531 quam-

950 1546 1074 1578 quam,
1108 1534 1405 1569 besohrankend:
1439 1533 1619 1569 wiewohl.
1647 1553 1691 1558 —-

951 1601 993 1607 —-
1016 1585 1099 1626 post
1124 1582 1264 1626 princ,
1301 1581 1424 1616 11111161·
1460 1581 1532 1615 (1611
1569 1581 1693 1616 ersten

950 1628 1122 1663 Gliedern
1137 1628 1221 1672 (den
1234 1628 1271 1662 111
1286 1628 1355 1663 (1611
1371 1629 1490 1663 ersten
1500 1627 1691 1662 Schlacht-

949 1676 1076 1711 reihen
1127 1675 1330 1711 stehenden
1373 1675 1576 1720 principes,
1621 1674 1694 1709 den

950 1723 1116 1767 Biirgern
1141 1723 1206 1757 der
1232 1725 1352 1757 ersten
1379 1722 1526 1766 Classe),
1553 1721 1695 1756 welche

951 1770 1021 1805 den
1035 1770 1210 1815 Riickzug
1224 1770 1397 1813 deekben3
1412 1769 1471 1805 die
1485 1769 1694 1804 romischen

951 1817 1206 1852 Verhffltnisse
1240 1816 1321 1851 sind
1355 1817 1421 1852 auf
1447 1816 1506 1851 die
1536 1815 1694 1851 Volsker

951 1865 1185 1909 fibertragen.
1213 1884 1256 1889 —
1277 1864 1486 1909 principia,
1511 1863 1551 1898 in
1575 1863 1695 1898 dieser

951 1912 1171 1957 Bedeutung
1209 1912 1304 1946 noch
1338 1915 1375 1954 3,
1408 1915 1472 1955 22,
1503 1915 1524 1946 6
1561 1910 1695 1955 equites

946 1963 1030 2004 post
1062 1959 1253 2003 principia
1295 1959 1451 1993 collocat.
1491 1960 1531 2001 8,
1572 1961 1633 2001 10,
1673 1960 1695 1991 6

947 2007 1138 2051 principia
1193 2006 1412 2043 Latinorum
1461 2004 1691 2048 perturbant.

954 2055 1065 2087 Sonst
1095 2052 1211 2087 1161361
1236 2052 1427 2096 principia
1460 2051 1520 2085 die
1552 2050 1692 2095 Haupt-

954 2100 1081 2134 wache
1101 2100 1151 2134 im
1170 2099 1299 2143 Lager.
1315 2119 1357 2123 —
1377 2101 1536 2142 receptus
1551 2101 1600 2132 est
1619 2097 1695 2132 und

954 2150 1130 2191 receptum
1143 2147 1279 2189 habere,
1299 2145 1360 2180 bei
1373 2146 1414 2180 L.
1429 2145 1512 2180 sehr
1521 2144 1695 2189 ,86πὸ1111-

955 2193 1051 2228 116116
1071 2192 1295 2228 Ausdriicke.
1317 2213 1360 2218 —-
1381 2193 1507 2234 teneri,
1526 2193 1696 2233 clamare,

955 2240 1091 2285 Asynd.
1130 2240 1230 2279 adv.,
1272 2240 1342 2274 ‘im
1379 2239 1618 2285 Gegentheil,
1656 2249 1698 2273 er

955 2288 1113 2322 forderte
1139 2287 1247 2322 laut'.

1005 2339 1035 2369 3.
1063 2335 1327 2378 clamoremque,
1352 2345 1419 2379 que
1439 2333 1529 2368 ‘und
1549 2331 1696 2367 sofort'.

956 2402 1002 2407 -—
1030 2393 1098 2425 res,
1135 2381 1194 2417 die
1220 2381 1334 2424 Thai,
1361 2380 1420 2415 die
1444 2380 1700 2424 Ausffihrung,

958 2429 1031 2475 vgl.
1061 2429 1163 2464 Ovid.
1192 2432 1228 2471 4,
1263 2432 1330 2463 550
1362 2438 1418 2462 res
1447 2429 1545 2462 dicta
1575 2429 1698 2461 secuta

958 2480 1007 2510 est
1028 2475 1293 2519 (unmittelbar,
1313 2475 1380 2510 auf
1396 2475 1479 2509 dem
1493 2474 1628 2517 Fusse).
1651 2492 1694 2497 ——

957 2524 1043 2567 fixis
1069 2552 1075 2558 .
1104 2551 1111 2559 .
1132 2524 1242 2567 pilis,
1274 2522 1338 2557 der
1363 2521 1489 2556 Grund
1521 2520 1613 2554 wird
1638 2529 1698 2554 so—

958 2570 1081 2615 gleieh
1113 2569 1338 2615 angegeben.
1388 2567 1529 2603 Anders
1560 2566 1610 2601 ist
1635 2566 1698 2601 die

961 2616 1145 2652 Situation
1184 2628 1212 2652 6.
1251 2619 1312 2660 30,
1359 2619 1411 2650 12.
1450 2635 1493 2640 --
1538 2613 1698 2657 evadere,

958 2666 1070 2699 trans.
1107 2662 1351 2707 ‘ersteigen',
1386 2662 1424 2696 in
1455 2661 1568 2696 Prosa
1591 2660 1700 2695 nicht.

959 2722 1024 2746 vor
1050 2711 1088 2746 L.
1112 2709 1326 2756 [Anbang];
1351 2707 1390 2742 in
1416 2708 1535 2742 dieser
1554 2707 1696 2742 Beden-

959 2760 1052 2802 111118
1076 2756 1310 2802 gewohnlich
1335 2754 1406 2789 mit
1423 2756 1464 2789 in
1484 2754 1696 2797 construirt,

960 2817 989 2839 z,
1018 2805 1055 2839 B.
1084 2805 1123 2838 in
1156 2806 1308 2845 montes,
1339 2812 1531 2846 sum-mum,
1557 2803 1696 2846 iuyum,
