1799 3105
119 62 143 103 8
645 61 800 97 LIBER.
827 62 870 97 11.
923 61 1024 98 CAP.
1052 65 1084 97 2.
1111 66 1143 96 3.

117 175 246 224 gentis
295 173 428 212 exules
477 179 619 211 esseut.

682 172 871 221 collegam
919 172 994 211 sibi
1041 174 1212 211 comitiis
1258 175 1490 212 centuriatis

1526 80 1550 99 ε.
1570 81 1598 99 u.
1619 75 1680 101 245.

1535 177 1683 214 creavit

119 232 399 283 P.·Valerium,
433 244 511 282 quo
545 231 722 270 adiutore
757 243 870 281 reges
903 233 1083 270 eiecerat.

237 291 333 330 Cum
367 290 469 329 haud
504 291 687 340 cuiquam
720 292 761 328 in
794 290 914 328 dubio
954 287 1058 329 esset
1091 290 1236 329 bellum
1274 290 1322 329 ab
1361 291 1587 343 Tarquiniis
1625 293 1681 330 in-

117 352 279 402 minere»,
313 351 350 388 id
386 349 544 401 quidem
577 361 645 399 spe
679 350 855 388 omnium
889 351 1016 388 serius
1051 350 1139 401 fuit3
1172 355 1361 402 ceterum,
1394 350 1432 388 id
1466 351 1571 402 quod
1604 363 1681 390 non

119 409 325 460 timebant,
372 421 442 459 per
487 408 619 446 dolum
665 420 708 446 ac
752 408 1016 459 proditionem
1060 421 1182 460 prope
1227 409 1388 448 libertas
1432 411 1573 448 amissa
1611 415 1682 449 est.

70 472 90 503 2
118 475 228 507 erant
261 470 301 506 in
335 468 508 506 Romana
540 469 744 505 iuventute
778 467 1050 506 adulescentes
1083 468 1249 520 aliquot,
1282 480 1354 506 nec
1388 469 1416 506 ii
1454 470 1563 508 tenui
1596 468 1682 508 loco

118 529 212 577 orti,
246 539 414 578 quorum
448 528 486 565 in
521 538 641 576 regno
683 526 803 565 libido
843 526 1008 565 solutior
1048 528 1191 579 fuerat,
1230 527 1412 578 aequales
1451 527 1683 579 sodalesque

71 592 91 621 3
119 586 431 639 adulescentium
464 585 782 637 Tarquiniorum,
816 586 968 624 adsueti
1000 598 1108 624 more
1141 588 1249 637 regio
1283 588 1424 625 vivere.
1475 599 1560 626 eam
1586 592 1683 639 tum,

118 650 283 695 aequato
317 646 402 683 iure
437 646 629 696 omnium,
668 644 865 683 licentiam
905 651 1140 695 quaerentes
1179 645 1400 684 libertatem
1438 645 1605 685 aliorum
1642 647 1682 684 in

119 716 229 742 suam
262 705 425 742 vertisse
460 705 691 742 servitutem
724 704 826 742 inter
860 716 900 741 50
928 704 1290 755 conquerebantur:
1323 716 1455 755 regem
1482 705 1683 744 hominem

118 775 222 814 esse,
261 775 281 801 a
321 775 398 814 quo
436 765 629 814 inpetres,
668 762 735 801 uhi
773 764 851 814 ius,
891 762 958 801 ubi
991 764 1133 801 iniuria
1166 776 1264 813 opus
1305 765 1371 815 sit3
1410 775 1496 802 esse
1534 766 1682 815 gratiae

119 821 265 874 locum,
299 834 384 860 esse
418 822 627 873 beneficio,
660 827 699 860 et
731 822 848 860 irasci
886 828 925 859 et
957 824 1161 872 ignoscere
1200 835 1332 874 posse,
1371 823 1475 861 inter
1512 825 1681 862 amicum

71 888 91 917 4
119 886 235 932 atque
269 882 474 920 inimicum
507 882 720 919 discrimen
753 893 887 932 nosse3
927 880 1031 931 leges
1064 893 1147 919 rem
1186 881 1363 933 surdam,
1402 881 1683 922 inexorabilem

119 1041 307 1076 leitenden
339 1042 518 1075 Beamten
554 1041 643 1075 oder
682 1041 865 1084 Interreoe,

118 1088 216 1123 denn
259 1090 334 1123 ersb
377 1088 493 1122 durch
537 1087 596 1122 die
640 1089 865 1123 renuntiatio

118 1135 312 1170 desselben
337 1135 429 1170 wird
454 1136 525 1170 den
552 1146 638 1170 vom
660 1134 778 1170 Volke
799 1136 865 1171 Be-

119 1182 336 1217 zeiehneten
370 1182 435 1217 das
461 1183 551 1217 Amt
575 1183 812 1228 iibertragen,
838 1195 864 1218 s.

117 1242 144 1264 Z.
175 1230 214 1265 Β.
253 1234 291 1273 3,
325 1234 363 1273 8,
391 1235 428 1272 2ς
468 1234 532 1273 35,
560 1234 597 1273 8,
633 1242 667 1264 u.
702 1230 786 1265 sehr
812 1230 866 1265 ofl:

118 1277 286 1322 collegam
312 1287 444 1319 cr,eare
471 1289 500 1313 z.
527 1277 565 1311 B.
595 1281 650 1319 41,
681 1281 735 1320 17,
762 1281 793 1313 6.

117 1359 186 1394 3—
191 1359 229 1395 5.
280 1359 641 1404 Versehworung
666 1370 752 1394 von
777 1359 864 1394 An-

151 1407 353 1451 h‘angern
380 1405 763 1488 ἀθὲοΤίτᾳυίῃίηε
788 1406 827 1441 111

168 1517 196 1546 1.
224 1513 266 1547 in
291 1512 415 1555 (lubio,
441 1511 510 1546 wie
537 1515 569 1554 3,
592 1515 649 1552 19,
670 1516 702 1556 8,
724 1512 798 1557 vgl.
820 1524 864 1546 zu

118 1559 236 1594 Praef
250 1563 282 1594 3.
302 1580 343 1585 —
359 1559 399 1593 iel
415 1558 863 1603 quidemu,Adve1-sa‚tiv-

117 1597 289 1651 gedanke
316 1617 397 1640 zum
425 1586 702 1641 Concessi’vsatz
730 1617 838 1641 cwm.

117 1657 214 1695 esset,
240 1653 314 1698 vgl.
342 1657 374 1696 3,
396 1657 452 1697 67,
474 1656 527 1687 11.
556 1657 588 1696 4,
616 1657 671 1697 35,
694 1658 725 1689 8.
755 1657 786 1697 7,
808 1658 863 1696 34,

120 1704 173 1736 13.
207 1699 280 1736 Cic.
307 1701 410 1735 Verr.
444 1704 483 1743 4,
512 1704 573 1743 11,
602 1703 646 1734 26
672 1712 707 1738 u.
734 1705 778 1745 ὂ.,
805 1713 863 1735 zu-

119 1747 242 1792 gleich
278 1747 366 1782 aber
404 1747 533 1791 (durch
573 1748 730 1792 quidem)
769 1748 864 1783 auch

117 1794 255 1830 wieder
299 1794 574 1830 Concessivsatz
627 1807 670 1829 zu
713 1798 865 1830 ceterum

118 1869 125 1875 .
150 1869 157 1876 .
181 1869 187 1876 .
214 1845 274 1877 est.
296 1863 339 1866 —
359 1843 486 1876 serius.
531 1841 587 1876 Da
607 1841 672 1876 der
693 1841 864 1887 Compar.

117 1889 182 1923 des
217 1889 408 1934 Adjectivs
441 1899 542 1923 serus
574 1884 638 1923 ἅπ.
673 1888 739 1932 elo.
766 1893 863 1924 were

119 1935 228 1980 (auch
255 1936 315 1971 bei
342 1935 414 1971 Cic.
435 1936 511 1970 und
531 1935 665 1971 Caesar
690 1937 863 1981 ungebr.;

117 1984 233 2028 nzayis
258 1993 358 2018 serus
384 1983 432 2018 ist
457 1978 521 2018 ἅπ.
544 1982 610 2026 sio.
636 1987 693 2026 32,
715 1986 771 2027 28,
793 1986 864 2028 61),

118 2030 168 2064 ist
205 2031 322 2065 serius
360 2030 415 2065 als
447 2030 596 2065 Adverb
622 2011 864 2075 auf'zufassen,

118 2076 191 2120 vgl.
227 2081 289 2119 23,
324 2081 389 2121 44,
423 2082 440 2111 1
468 2088 545 2112 sero
577 2081 644 2119 est,
679 2077 744 2112 das
769 2079 864 2112 auch

119 2123 190 2158 Cic.
221 2123 261 2166 Q.
282 2124 340 2160 Fr.
361 2125 388 2167 I,
415 2128 447 2167 2,
474 2128 508 2168 3,
535 2128 554 2158 9
582 2124 656 2167 hat,
683 2124 757 2169 vgl.
785 2124 863 2159 Liv.

118 2173 181 2212 24,
205 2174 272 2212 30,
308 2175 349 2205 11
385 2172 529 2214 frustra
567 2174 625 2205 est.
676 2175 733 2215 32,
772 2175 805 2213 2,
843 2176 865 2206 4

119 2218 304 2252 commode.
331 2222 364 2262 4,
391 2222 446 2260 40,
468 2221 488 2252 5
515 2219 673 2261 impune.
700 2222 733 2261 8,
756 2222 817 2262 19,
844 2223 864 2252 2

117 2265 269 2307 fideliter
288 2277 321 2300 n.
347 2275 379 2299 a.
421 2265 455 2299 S.
476 2276 519 2298 zu
536 2269 566 2306 1,
588 2268 644 2308 59,
667 2269 698 2300 6.
717 2286 758 2289 -
775 2276 864 2309 spes,

119 2310 199 2346 hier
231 2322 301 2346 vox
327 2312 452 2346 media
485 2312 739 2356 ‘Erwartung’
775 2312 863 2357 (vgl.

117 2359 215 2401 fides,
240 2359 353 2401 fama,
378 2359 558 2401 valetudo,
582 2359 737 2402 fortuna
754 2371 789 2393 u.
805 2361 862 2403 0.),

120 2405 207 2441 San.
236 2406 262 2440 Ι.
294 2409 348 2441 88.
376 2406 463 2441 Hor.
490 2406 557 2451 Ep.
586 2410 618 2449 1,
646 2410 684 2449 6,
721 2410 762 2440 13
796 2417 862 2441 me—

118 2453 190 2487 lius
205 2454 352 2497 peiusve
371 2464 440 2488 sua
457 2463 519 2498 spe
534 2452 622 2497 (Cic.
639 2464 679 2488 so
698 2464 866 2498 sperare,-

117 2510 196 2544 spes
220 2499 351 2544 nicht).
373 2521 416 2525 —
437 2501 553 2535 serius
576 2511 649 2545 spe,
677 2504 732 2544 26,
760 2505 815 2543 26,
843 2505 864 2535 4

118 2548 234 2582 serius
272 2558 334 2591 spe
365 2549 544 2590 omnium,
577 2548 651 2592 vgl.
682 2553 719 2591 1,
753 2551 816 2591 53,
843 2552 865 2582 4

121 2594 253 2628 lentius
284 2605 344 2638 spe
377 2595 518 2630 bellum.
569 2594 692 2630 Ueber
712 2594 772 2629 die
792 2595 863 2630 Pa-

122 2641 293 2676 renthese
318 2642 358 2676 id
378 2643 473 2686 quod
493 2670 499 2676 .
523 2670 529 2676 .
552 2668 559 2676 .
588 2654 614 2675 s.
636 2654 679 2676 zu
701 2646 732 2685 1,
756 2646 810 2685 14,
833 2646 864 2676 7.

167 2691 197 2722 2.
224 2699 288 2722 nec
315 2689 345 2723 ii
377 2693 444 2723 ten.
466 2690 488 2723 l.
509 2699 538 2723 ο.
561 2705 605 2717 =
627 2693 659 2723 et
677 2690 707 2723 ii
727 2690 868 2733 quidem

120 2744 193 2768 non
213 2738 281 2770 ten.
304 2736 324 2769 l.
347 2745 376 2769 0.
388 2749 400 2777 ,·
425 2746 489 2770 nec
503 2752 546 2764 =
562 2739 593 2771 et
615 2764 621 2770 .
645 2763 650 2769 .
673 2736 814 2780 quidem
835 2735 865 2781 ,11.

120 2791 202 2823 non,
229 2781 299 2815 wie
325 2785 534 2826 8,18,11.
577 2787 612 2827 7,
647 2786 686 2826 9,
714 2787 730 2816 1
759 2795 793 2817 u.
822 2786 866 2827 ὃ.,

123 2827 213 2861 ‘und
239 2839 336 2863 zwar
360 2840 432 2864 von
465 2829 570 2864 nicht
595 2829 769 2874 geringer
793 2829 866 2864 Ab·

939 1041 1078 1083 kunft',
1105 1041 1267 1084 Litotes3
1293 1052 1358 1076 nec
1384 1042 1414 1076 is
1446 1042 1538 1076 auch
1569 1046 1622 1086 10,
1650 1047 1683 1086 5,

939 1092 970 1124 8.
1000 1088 1202 1134 [Anhang]
1225 1109 1266 1114 —
1288 1089 1330 1123 in
1354 1098 1464 1133 regno
1492 1089 1683 1124 ‘wahrend

939 1135 1004 1171 der
1028 1135 1406 1181 Konigsherrschaft,'
1436 1139 1492 1179 42,
1519 1140 1552 1181 5,
1578 1141 1610 1171 3.
1638 1157 1683 1162 -

938 1193 1033 1218 more
1069 1184 1168 1227 reyio
1205 1183 1302 1218 nach
1339 1183 1405 1218 der
1442 1182 1540 1227 (dem
1572 1183 1684 1218 romi-

941 1230 1052 1265 schen
1078 1230 1215 1265 Wesen
1233 1229 1402 1265 fremden
1421 1230 1496 1265 und
1515 1231 1684 1267 verhass-

939 1278 1017 1321 ten)
1050 1278 1120 1312 Art,
1151 1288 1225 1312 von
1250 1277 1449 1322 Tyrannen
1483 1278 1559 1312 und
1591 1278 1682 1313 Des-

939 1326 1065 1368 poten,
1092 1328 1150 1367 28,
1176 1328 1233 1368 42,
1260 1328 1322 1367 223
1349 1325 1466 1360 daher
1489 1323 1540 1359 ist
1563 1326 1686 1370 reyius

937 1371 1031 1406 auch
1064 1372 1134 1406 mit
1173 1375 1341 1406 eoeternus
1375 1371 1589 1407 verbunden
1622 1376 1684 1417 29,

940 1422 994 1461 19,
1022 1422 1043 1452 4
1070 1422 1216 1453 externo
1248 1422 1280 1453 et
1312 1420 1411 1463 reyio
1444 1429 1539 1454 more
1569 1423 1602 1454 et
1626 1420 1684 1454 in-

938 1466 1082 1510 dulgere
1107 1466 1273 1500 licentiae
1297 1467 1454 1500 militum
1484 1469 1516 1500 et
1546 1467 1686 1502 saevire

938 1513 979 1546 in
1004 1523 1069 1547 eos.
1104 1513 1188 1558 Vgl.
1210 1517 1242 1556 3,
1265 1517 1318 1556 19,
1346 1516 1366 1547 5
1392 1514 1559 1548 tribunos
1583 1515 1684 1559 reyia

939 1560 1086 1594 licentia
1105 1561 1230 1595 vivere.
1253 1564 1310 1604 34,
1331 1564 1386 1602 51,
1407 1565 1427 1594 5
1448 1560 1622 1596 violentia
1641 1571 1687 1596 ac

938 1607 1088 1641 licentia
1112 1608 1223 1652 reyia.
1257 1611 1313 1649 32,
1340 1611 1396 1650 32,
1425 1611 1478 1642 14.
1508 1611 1563 1652 39,
1590 1612 1624 1652 4,
1651 1613 1684 1644 5.

939 1654 987 1688 So
1013 1654 1191 1689 sehilderb
1222 1665 1260 1689 er
1292 1654 1352 1689 die
1385 1654 1686 1700 Ziigellosigkeit

936 1700 1107 1746 Philipps
1131 1701 1170 1735 in
1190 1701 1460 1737 Griechenland
1489 1705 1544 1745 27,
1565 1706 1622 1747 31,
1643 1706 1685 1745 53

937 1748 1010 1792 vgl.
1039 1752 1095 1792 45,
1122 1752 1179 1792 32,
1206 1752 1238 1784 5.

986 1799 1017 1831 3.
1045 1800 1077 1830 4.
1121 1799 1216 1838 tion,
1250 1795 1511 1840 epexegetisch
1544 1797 1688 1832 erkl'art,

938 1842 1054 1876 durch
1081 1846 1234 1888 aequato
1260 1844 1284 1878 i.
1311 1854 1354 1885 0,
1390 1843 1506 1887 ‘jetzt-,
1533 1843 1594 1878 bei
1619 1844 1686 1879 der

938 1889 1186 1934 allgemeinen
1212 1889 1586 1935 Rechtsgleichheit'‚
1614 1891 1685 1925 wie

940 1940 971 1978 5,
999 1940 1055 1980 53,
1083 1941 1119 1980 33
1156 1937 1270 1972 δήετε
1296 1937 1347 1972 ist
1371 1941 1447 1972 tum
1471 1937 1571 1972 beim
1597 1938 1684 1973 Abl.

938 1983 1107 2019 absichtl.
1140 1984 1404 2029 naehgestellt,
1444 1988 1505 2028 24,
1544 1989 1608 2028 45,
1650 1989 1684 2021 8.

939 2034 994 2072 26,
1016 2035 1071 2074 31,
1096 2035 1125 2065 1.
1147 2035 1204 2075 22,
1227 2036 1281 2074 11,
1298 2036 1329 2066 1.
1349 2035 1382 2074 2,
1397 2035 1454 2074 29,
1468 2035 1502 2068 3.
1517 2052 1560 2057 —-
1575 2043 1681 2077 quae-

941 2081 1053 2112 rentes
1086 2095 1129 2107 =
1162 2079 1391 2123 requirentes,
1430 2079 1686 2124 desiderantes,

939 2128 995 2168 25,
1010 2127 1066 2167 38,
1083 2128 1126 2159 18
1153 2126 1319 2160 omissam
1340 2126 1560 2160 occasionem
1579 2137 1684 2170 quae-

938 2182 1001 2206 ras
1027 2183 1059 2206 u.
1076 2175 1108 2206 ὃ.
1128 2192 1175 2197 -
1196 2173 1339 2206 vertisse
1363 2173 1406 2206 in
1429 2182 1534 2207 suam
1558 2183 1585 2208 s.
1616 2173 1685 2208 ‘sei

937 2218 996 2252 fiir
1022 2218 1074 2253 sie
1101 2219 1188 2263 (vgl.
1215 2219 1413 2254 libertatem
1438 2248 1445 2255 .
1469 2248 1475 2255 .
1508 2220 1550 2254 in
1579 2229 1685 2255 suam

938 2266 1120 2300 licentiam
1143 2269 1299 2301 verterat
1323 2266 1428 2301 hatte
1454 2265 1492 2301 in
1519 2294 1550 2301 ..
1567 2295 1574 2302 .
1605 2266 1686 2302 ‘fiir

938 2312 1032 2346 sieh’
1061 2313 1302 2357 verwandelt,
1329 2317 1384 2355 27,
1413 2317 1470 2356 31,
1491 2315 1526 2358 6)
1553 2324 1683 2359 ausge-

939 2359 1117 2404 sehlagen
1144 2361 1202 2394 zu’
1232 2381 1288 2397 ,—.
1338 2359 1413 2395 Der
1437 2359 1591 2396 intrans.
1613 2361 1683 2396 Ge-

936 2406 1078 2441 brauch
1115 2419 1188 2442 von
1225 2411 1357 2442 vertere
1402 2407 1463 2442 bei
1500 2407 1542 2444 L.
1580 2407 1685 2443 nicht

942 2454 1070 2497 senen,
1098 2465 1127 2490 c.
1156 2459 1188 2498 8,
1217 2458 1252 2498 1;
1281 2459 1339 2497 27,
1366 2459 1397 2489 9.
1424 2458 1457 2499 3,
1484 2458 1539 2498 64,
1569 2459 1598 2490 1.
1625 2458 1683 2498 26,

941 2505 974 2544 6,
996 2505 1058 2543 16;
1079 2505 1136 2543 40,
1158 2506 1177 2536 5
1198 2514 1232 2536 u.
1255 2506 1287 2537 ὃ.
1311 2521 1352 2526 -
1372 2502 1540 2545 inpetres,
1559 2501 1625 2536 ubi
1644 2530 1651 2538 .
1673 2527 1681 2535 .

941 2548 1029 2582 ‘von
1050 2548 1133 2583 dem
1154 2559 1241 2583 man
1262 2549 1438 2593 erlangen
1457 2548 1591 2591 kenne,
1606 2559 1683 2583 was

939 2594 1059 2630 einem
1074 2595 1210 2640 gerade
1224 2593 1467 2630 vorhheilhafis
1479 2595 1544 2637 sei,
1564 2595 1684 2630 Reeht

942 2642 1030 2676 oder
1041 2641 1422 2686 Rechtswidrigkeit'.
1444 2661 1488 2666 ——
1507 2642 1684 2676 hominem

943 2716 950 2722 .
973 2716 979 2723 .
1008 2699 1090 2733 rem,
1117 2701 1143 2724 s.
1172 2701 1200 2723 0.
1224 2693 1255 2732 1,
1278 2693 1309 2723 1.
1333 2709 1374 2713 -
1394 2689 1556 2731 surdam,
1574 2699 1602 2723 s.
1622 2688 1683 2723 bei

941 2735 980 2771 L.
1008 2737 1109 2770 sonst
1133 2748 1202 2770 nur
1225 2735 1264 2770 in
1291 2736 1355 2770 der
1374 2735 1580 2770 Redensart
1604 2745 1683 2770 sur-

940 2783 1008 2818 dae
1027 2793 1143 2818 aures.
1154 2803 1198 2808 —-
1213 2783 1452 2817 ineaeorabilis
1461 2778 1525 2818 ἅπ.
1541 2781 1606 2827 εἰρ.
1622 2781 1683 2817 bei

940 2829 980 2863 L.
1009 2829 1095 2872 (Cic.
1125 2829 1245 2873 oster).
1285 2829 1386 2864 Ganz
1406 2829 1598 2864 ahnlicher
1612 2828 1682 2864 Ge-
