1799 3105
53 165 85 183 a.
107 156 174 182 Chr.
193 155 344 181 485—483.
617 143 762 179 LIBER
786 144 832 178 ΙΙ.
883 143 986 179 ΟΑΡ.
1013 147 1069 178 42.
1572 141 1627 183 97

57 257 285 308 Aequisque
317 255 483 294 militem
514 255 659 306 praeda
692 254 933 293 fraudavere.
998 253 1190 305 quidquid
1229 258 1387 304 captum
1427 266 1473 291 ex
1506 253 1627 292 hosti·
1655 262 1675 291 2

59 316 134 355 bus
166 320 242 366 est,
281 314 457 353 vendidit
489 313 635 352 Fabius
668 313 807 353 consul
839 326 883 352 ac
922 313 1074 363 redegit
1107 314 1147 351 in
1178 311 1394 363 publicum.
1457 313 1627 351 invisum

60 379 144 413 erat
180 373 347 412 Fabium
385 385 528 411 nomen
566 372 672 424 plebi
710 377 874 424 propter
906 373 1165 411 novissimum
1204 371 1425 423 consulem3
1464 377 1628 410 tenuere

58 439 189 472 tamen
228 438 378 484 patres,
416 438 460 471 ut
499 444 589 471 cum
627 431 669 470 L.
708 432 872 470 Aemilio
906 431 1027 469 Caeso
1060 430 1204 469 Fabius
1237 430 1376 469 consul
1414 435 1629 469 crearetur.

56 504 105 531 eo
138 491 320 530 infestior
352 492 453 530 sacta
490 491 625 542 plebes
659 491 851 529 seditione
885 490 1100 528 domestica
1139 489 1286 528 bellum
1324 495 1532 528 externum
1565 502 1628 528 ex·
1656 498 1676 527 3

55 553 164 590 civit.
227 551 328 589 bello
368 550 509 588 deinde
548 549 682 588 civiles
716 549 935 588 discordiae
969 550 1228 587 intermissae,
1291 560 1370 587 uno
1403 550 1532 587 animo
1566 561 1629 599 pa-

59 616 142 649 tres
174 622 218 649 ac
250 609 362 660 plebs
394 608 632 647 rebellantes
664 607 825 646 Volscos
853 614 891 646 et
924 608 1080 658 Aequos
1114 608 1213 647 duce
1246 607 1411 646 Aemilio
1438 619 1629 659 prospera

57 681 190 720 pugna
222 670 362 707 vicere.
425 667 514 718 plus
546 673 677 706 tamen
710 667 883 705 hostium
910 667 1000 717 fuga
1027 679 1144 717 quam
1170 667 1364 717 proelium
1392 667 1629 718 absumpsit:
1656 675 1677 705 4

59 728 155 766 adeo
187 728 444 778 pertinaciter
477 727 586 765 fusos
618 727 789 764 insecuti
822 731 915 764 sunt
941 727 1106 776 equites.
1158 726 1331 764 Castoris
1355 726 1470 765 aedes
1492 727 1630 765 eodem
1658 735 1677 764 5

56 798 160 825 anno
187 786 325 839 idibus
358 785 602 831 Quintilibus
635 785 813 824 dedicata
846 790 916 823 est.
979 790 1067 823 vota
1101 790 1184 823 erat
1217 784 1355 823 Latino
1388 785 1489 823 bello
1514 798 1538 824 a
1559 785 1629 824 Po-

56 846 204 884 stumio
237 845 451 896 dictatore3
496 844 600 883 filius
634 846 719 883 eius
753 844 936 883 duumvir
969 844 1016 882 ad
1048 844 1087 881 id
1120 845 1251 894 ipsum
1285 849 1442 882 creatus
1476 844 1629 883 dedica-

58 906 124 943 vit.
158 927 212 931 ——
248 903 456 942 Sollicitati
493 909 532 942 et
571 916 617 942 eo
656 916 757 942 anno
798 908 890 942 sunt
929 902 1137 941 dulcedine
1172 904 1346 954 agrariae
1380 903 1478 954 legis
1511 905 1631 942 animi
1658 913 1678 943 6

58 963 196 1014 plebis.
260 963 412 1002 tribuni
449 963 555 1014 plebi
593 963 824 1014 popularem
860 967 1096 1013 potestatem
1128 962 1212 1012 lege
1245 962 1426 1013 populari
1459 962 1631 1001 celebra-

58 1023 171 1075 ba11t3
203 1028 337 1073 patres
365 1024 458 1061 satis
487 1034 686 1073 superque
714 1023 876 1073 gratuiti
903 1022 1048 1060 suroris
1076 1023 1116 1059 in
1143 1021 1397 1060 multitudine
1423 1022 1631 1060 credentes

59 1094 159 1133 esse,
191 1081 420 1132 largitiones
452 1083 767 1133 temeritatisque
801 1082 1055 1119 invitamenta
1082 1080 1306 1119 horrebant.
1359 1082 1542 1119 acerrimi
1567 1093 1631 1132 pa-

61 1141 190 1180 tribus
235 1141 356 1179 duces
398 1141 445 1179 ad
484 1141 752 1179 resistendum
791 1140 974 1179 eonsules
1017 1140 1138 1178 fuere.
1203 1152 1247 1178 ea
1285 1141 1408 1190 igitur
1446 1152 1536 1190 pars
1576 1141 1634 1178 rei
1662 1148 1680 1178 τ

60 1199 241 1251 publicae
268 1201 373 1252 vicit,
406 1212 478 1238 nec
505 1201 544 1238 in
572 1212 761 1250 praesens
787 1199 915 1251 modo,
950 1199 1017 1237 sed
1045 1200 1085 1237 in
1105 1200 1328 1237 venientem
1349 1200 1467 1237 etiam
1488 1211 1633 1237 annum

60 1259 109 1297 M.
136 1258 314 1311 Fabium,
347 1258 534 1297 Caesonis
562 1259 735 1310 fratrem,
769 1264 808 1297 et
839 1260 962 1309 magis
995 1259 1166 1296 invisum
1193 1258 1361 1296 alterum
1386 1257 1493 1308 plebi
1519 1270 1631 1297 accu-

56 1319 211 1357 satione
245 1317 309 1368 Sp.
343 1317 468 1370 Cassi,
506 1317 548 1356 L.
580 1317 796 1370 Valerium,
830 1316 1013 1356 consules
1046 1317 1164 1355 dedit.
1228 1322 1422 1355 certatum
1455 1329 1500 1354 eo
1534 1329 1627 1368 quo·
1654 1325 1674 1355 8

58 1389 137 1429 que
165 1389 267 1416 anno
295 1389 386 1416 cum
412 1377 584 1416 tribunis
612 1382 682 1416 est.
728 1389 825 1415 vana
852 1377 912 1415 lex
940 1377 1107 1427 vanique
1129 1376 1227 1426 legis
1248 1382 1431 1414 auctores
1452 1376 1632 1415 iactando

60 1438 226 1475 inritum
263 1448 408 1475 munus
447 1437 550 1475 sacti.
613 1436 779 1475 Fabium
817 1436 907 1474 inde
950 1448 1094 1474 nomen
1127 1437 1266 1486 ingens
1298 1440 1387 1486 post
1427 1440 1508 1473 tres
1542 1448 1632 1474 con-

60 1497 194 1535 tinuos
234 1495 462 1534 consulatus
501 1508 660 1547 unoque
699 1495 806 1534 velut
844 1501 980 1533 tenore
1021 1507 1157 1533 omnes
1190 1500 1375 1545 expertos
1408 1494 1633 1533 tribuniciis

60 1621 263 1657 mehrmals
289 1621 351 1657 bei
376 1621 456 1658 Liv.
480 1642 521 1646 —
546 1622 588 1656 in
610 1622 812 1666 publicum,

61 1669 127 1704 das
158 1669 290 1712 Aerar,
323 1681 351 1704 s.
384 1669 479 1704 auch
513 1680 542 1703 c.
571 1673 603 1712 5,
632 1673 663 1704 1.
690 1689 737 1695 ——
762 1672 810 1703 te-

61 1727 172 1751 nuere
216 1716 372 1751 ‘setzten
406 1716 557 1760 durch⁷,
589 1716 714 1751 indem
747 1716 811 1751 da-

62 1764 158 1798 mals
184 1763 249 1798 der
274 1763 333 1799 die
354 1763 515 1798 Wahlen
533 1763 696 1798 leitende
717 1763 810 1798 Con-

63 1810 122 1845 sul
144 1810 259 1855 jeden
279 1810 514 1845 Candidaten
533 1810 812 1845 zurflekweisen

63 1858 222 1901 konnte,
250 1857 315 1892 der
340 1857 446 1892 nicht,
464 1868 550 1893 vom
570 1857 704 1893 senate
730 1869 812 1892 vor-

63 1905 289 1949 geschlagen
308 1916 402 1947 war,
423 1905 488 1940 das
508 1905 728 1940 Wahlrecht
748 1905 813 1940 der

62 1951 473 1987 Centuriat-Comitien
512 1952 590 1987 also
631 1951 689 1987 9111
729 1952 813 1987 sehr

63 1999 329 2034 besehranktes
374 2011 462 2034 war.
519 2003 655 2042 tenere,
693 2003 735 2034 ut
773 1999 813 2034 in

62 2046 185 2081 dieser
234 2046 456 2092 Bedeutung
503 2046 705 2081 mehrmals
752 2046 813 2082 bei

62 2093 103 2130 L.
144 2092 344 2139 [Beispiele
375 2094 428 2129 im
459 2094 646 2140 Anhang]
700 2094 734 2129 S.
769 2106 813 2128 zu

62 2152 94 2175 c.
121 2144 178 2185 43,
207 2144 249 2175 11
277 2142 452 2185 obtinere,
480 2145 530 2176 ut.

113 2205 144 2235 3.
171 2200 322 2242 eaecivit,
352 2199 426 2234 rief
447 2200 582 2235 hervor
608 2200 812 2245 (indirekt),

63 2247 189 2282 indem
215 2247 275 2282 die
296 2249 444 2292 Aequer
469 2248 545 2281 und
565 2248 724 2283 Volsker
753 2247 812 2282 die

62 2294 195 2329 innern
234 2294 517 2339 Streitigkeiten
555 2295 738 2330 zwischen
771 2296 811 2330 P.

64 2342 140 2376 und
166 2341 220 2376 Pl.
248 2353 310 2375 zur
329 2341 572 2387 Erneuerung
597 2343 661 2377 des
680 2342 812 2387 Kriegs

64 2389 124 2470 gir
150 2388 301 2433 giinstig
326 2388 468 2423 hielten
495 2389 572 2423 und
600 2390 811 2425 benutzten.

97 2463 103 2469 .
132 2447 176 2469 zu
202 2446 232 2470 c.
260 2440 322 2478 64,
353 2439 405 2470 10.

113 2499 144 2529 4.
188 2498 219 2529 5.
266 2494 428 2529 Castoris
471 2495 566 2536 aed,
610 2494 812 2539 eigentlich

65 2541 195 2577 beider
226 2541 452 2583 Dioskuren,
486 2552 512 2575 3.
539 2553 583 2575 zu
610 2552 640 2575 c.
666 2545 730 2584 20,
759 2545 813 2575 12.

67 2609 112 2615 —
127 2589 315 2624 duumviri
329 2588 412 2623 aedi
425 2588 649 2622 dedicandae
663 2588 815 2623 wurden

66 2636 233 2682 gewahlt,
271 2637 312 2679 (s.
346 2647 375 2671 c.
411 2639 466 2679 27,
500 2636 555 2679 5),
594 2646 702 2670 wenn
739 2635 815 2679 der,

67 2683 230 2718 welcher
263 2683 335 2718 den
362 2682 517 2726 Tempe]
544 2681 672 2727 gelobt
696 2682 815 2726 hatte,

66 2731 132 2765 ihn
166 2730 272 2765 nicht,
316 2730 430 2765 selbst
474 2729 619 2764 weihen
662 2729 814 2765 konnte.

66 2778 156 2813 Man
194 2778 332 2812 wahlte
377 2777 553 2811 (1911111191-
597 2787 688 2821 gern
721 2777 815 2811 auch

67 2824 175 2859 einen
196 2824 297 2859 Sohn
316 2824 405 2859 oder
422 2824 546 2858 nahen
565 2823 818 2859 Verwandten

67 2871 131 2905 des
158 2871 364 2906 Letzteren.

118 2923 148 2953 6.
176 2919 258 2953 trib.
273 2919 385 2963 plebi,
412 2919 476 2953 der
501 2918 577 2953 alte
604 2916 693 2953 Gen.
715 2918 816 2962 plebi

142 2983 250 3009 Livius
275 2984 309 3009 B.
330 2985 353 3010 2.

883 1621 933 1656 ists
957 1620 1019 1656 bei
1043 1621 1086 1655 L.
1111 1620 1216 1655 nicht:
1242 1620 1372 1663 selben,
1399 1631 1428 1656 c.
1457 1624 1514 1665 56,
1542 1624 1573 1655 1.
1601 1624 1634 1664 3,

885 1673 948 1712 32,
975 1672 1012 1708 43
1040 1672 1080 1712 6,
1109 1672 1146 1710 93
1173 1671 1235 1712 35,
1262 1671 1302 1710 83
1330 1671 1393 1711 54,
1420 1671 1439 1701 9
1467 1671 1633 1703 116.-

885 1716 1123 1756 celebrabant,
1144 1715 1406 1759 Imperfectum
1421 1715 1466 1749 de
1481 1716 1633 1750 conatu:

886 1763 1041 1797 suchten
1073 1762 1205 1807 (durch
1235 1762 1383 1807 haufige
1421 1761 1634 1797 offentliche

885 1809 1152 1854 Besprechung
1178 1809 1243 1844 des
1270 1809 1464 1852 Gesetzes,
1497 1809 1571 1854 vgl.
1600 1813 1632 1854 3,

886 1861 943 1900 31,
971 1860 990 1890 2
1026 1860 1070 1891 tr.
1092 1858 1146 1900 pl.
1174 1857 1281 1901 legem
1306 1857 1473 1891 omnibus
1499 1857 1634 1891 contio-

886 1905 995 1938 nibus
1009 1904 1201 1948 celebrant)
1213 1915 1257 1938 zu
1270 1903 1545 1938 verherrlichen
1558 1904 1635 1938 und

887 1964 930 1985 zu
956 1951 1088 1994 beben,
1118 1950 1157 1985 in
1183 1950 1303 1986 Gunst
1328 1963 1372 1985 zu
1396 1952 1531 1995 setzen,
1556 1951 1634 1996 gel-

886 1998 975 2033 tend
1002 2010 1046 2032 zu
1071 1998 1237 2033 macheu.
1265 2018 1309 2023 —
1334 1999 1510 2042 yratuiti,
1538 1998 1634 2033 auch

887 2046 982 2081 ohne
1016 2045 1100 2080 dass
1127 2046 1186 2080 ein
1211 2045 1319 2080 Lohn
1345 2045 1454 2080 dafiir
1479 2046 1516 2079 in
1542 2046 1634 2080 Aus—

887 2093 984 2128 sicht,
1009 2093 1135 2135 stand,
1162 2105 1188 2127 3.
1216 2105 1261 2127 zu
1289 2097 1320 2135 1,
1347 2097 1404 2136 47,
1434 2097 1462 2128 1.
1493 2113 1535 2118 -—
1561 2094 1635 2128 Iar·

885 2141 1049 2185 9itiones,
1068 2140 1182 2176 n'z'tml.
1204 2141 1386 2185 amarias,
1407 2152 1436 2176 c,
1458 2144 1514 2184 41,
1535 2144 1567 2175 8.
1589 2161 1635 2166 —-

885 2188 1173 2232 temeritatisque,
1193 2199 1260 2232 que
1280 2187 1492 2231 explicativ.
1514 2208 1558 2212 ——
1578 2189 1634 2223 i‘n-

885 2236 1134 2277 vitamentum,
1159 2235 1221 2270 bei
1246 2235 1286 2269 L.
1312 2232 1377 2269 ἅπ.
1406 2233 1472 2279 εἰρ.

935 2309 965 2340 7.
993 2310 1024 2340 8.
1059 2306 1100 2340 in
1120 2316 1310 2350 praesens,
1339 2305 1635 2341 substantivisch

887 2351 955 2397 (εἰς
979 2349 1020 2387 τὸ
1049 2350 1186 2397 παρόν)
1215 2352 1290 2387 ‘fiir
1314 2352 1375 2387 die
1395 2352 1633 2398 Gegenwart'

887 2410 934 2435 sc.
955 2401 1054 2435 vicit.
1081 2400 1134 2434 In
1146 2410 1269 2444 praes.
1292 2404 1347 2442 25,
1369 2403 1425 2443 35,
1448 2405 1477 2436 7.
1499 2405 1556 2444 30,
1581 2405 1636 2442 16,

886 2451 923 2488 23
947 2451 1002 2491 17,
1019 2451 1048 2482 1.
1064 2448 1286 2491 inpraesens
1300 2451 1436 2491 tempus
1452 2451 1508 2492 42,
1527 2451 1583 2491 47,
1602 2451 1636 2483 8.

887 2498 951 2538 45,
980 2499 1040 2537 18,
1067 2499 1098 2529 2.
1150 2494 1225 2529 Das
1252 2494 1556 2529 Gewohnlichste
1586 2494 1637 2529 131,

888 2542 1150 2585 inpraesentia
1165 2541 1289 2585 (Abl.).
1305 2561 1348 2566 —
1369 2542 1505 2576 consul.
1526 2542 1635 2584 dedit,

888 2589 963 2633 vgl.
992 2591 1011 2630 ξ
1031 2592 1064 2622 2.
1086 2608 1128 2613 ——
1150 2591 1325 2631 auctores,
1352 2587 1412 2623 die
1433 2587 1539 2622 dafu‘r
1559 2587 1636 2622 ein-

887 2636 1023 2678 traten,
1050 2635 1109 2669 die
1135 2634 1374 2678 Vel-fechter,
1400 2635 1637 2670 Wortfiihrer

888 2682 948 2715 fiir
975 2709 981 2716 .
1010 2696 1036 2724 .;
1082 2681 1147 2715 der
1173 2682 1340 2716 Urheber
1371 2693 1448 2716 war
1475 2681 1640 2717 Cassius.

890 2740 918 2764 C.
947 2732 1151 2772 44,1;56,
1179 2733 1216 2770 ὃς
1244 2733 1301 2772 48,
1328 2733 1366 2771 23
1394 2732 1451 2772 54,
1473 2733 1510 2773 ’ἲς
1538 2733 1593 2774 52,
1614 2733 1635 2764 3

889 2788 922 2811 u.
951 2780 982 2810 ὃ.
1004 2795 1047 2800 -
1073 2777 1163 2810 vani
1187 2777 1290 2819 facti,
1318 2775 1369 2810 sie
1395 2776 1547 2811 wurden
1572 2777 1638 2811 da-

888 2822 1005 2857 durch
1025 2834 1070 2856 zu
1092 2823 1266 2867 Lfignern
1286 2823 1374 2857 oder
1395 2822 1508 2859 eitlen
1522 2824 1637 2858 Prah-

888 2870 968 2904 lem
993 2870 1178 2914 gemacht..
1223 2881 1340 2904 vanus
1368 2887 1412 2899 =
1438 2872 1503 2915 qui
1522 2872 1636 2916 polli-

887 2920 998 2959 cetur,
1023 2917 1120 2961 quod
1132 2921 1324 2962 praestare
1343 2920 1477 2962 nequit.
1498 2939 1542 2947 -—
1561 2929 1639 2953 now

1331 2981 1349 2992 ,-

1337 2990 1345 3011 t
