1799 3105
1530 78 1612 119 139

53 189 186 235 ferret,
217 187 258 225 id
289 188 542 237 neglexisset,
574 188 719 226 amisso
751 187 831 226 filio
864 189 1030 237 pedibus
1063 188 1204 226 debilis
1232 187 1373 235 factus,
1404 189 1615 237 postquam

53 249 210 286 delatus
243 246 292 284 ad
323 250 505 286 senatum
535 247 675 286 lectica
707 247 844 285 eadem
875 247 946 285 illa
975 247 1234 294 indicaverat,
1272 259 1350 284 usu
1380 246 1524 295 pedum
1555 260 1614 285 re-

51 310 166 356 cepto
204 306 363 344 domum
400 319 586 345 reversus
626 308 698 344 est.
760 319 849 344 cum
881 306 950 346 Cn.
981 307 1152 345 Marcius
1185 305 1436 353 Coriolanus,
1474 306 1542 355 qui
1574 307 1615 344 in

54 366 217 405 exilium
249 368 334 404 erat
365 366 518 416 pulsus,
549 366 627 403 dux
652 365 891 403 Vulscorum
921 366 1051 404 factus
1084 365 1298 404 exercitum
1323 365 1498 402 hostium
1522 366 1616 403 urbi

52 425 306 476 admovisset,
333 427 373 463 et
397 425 510 462 missi
529 424 579 462 ad
599 437 689 462 eum
708 424 880 473 primum
899 425 1035 474 legati,
1062 427 1200 474 postea
1220 423 1444 462 sacerdotes
1464 424 1613 462 frustra

51 484 252 533 deprecati
283 486 427 533 essent,
458 496 507 521 ne
538 484 689 521 bellum
719 483 874 532 patriae
905 484 1082 532 inferret,
1114 483 1282 521 Veturia
1313 484 1442 521 mater
1473 485 1513 522 et
1537 483 1614 522 Vo-

51 543 202 581 lumnia
239 555 336 581 uxor
374 542 689 591 impetraverunt
719 542 768 579 ab
802 554 863 589 ec,
903 544 947 580 ut
978 543 1192 583 recederet.
1252 543 1316 580 lex
1347 543 1506 592 agraria
1535 543 1613 592 pri-

49 616 159 640 mum
190 602 274 640 lata
306 603 376 640 est.
418 601 584 650 Spurius
618 600 779 639 Cassius
812 602 1030 640 consularis
1063 601 1177 650 regni
1209 602 1370 639 crimine
1403 602 1612 640 damnatus

52 664 113 700 est
142 662 396 710 necatusque.
457 660 532 698 Ilia
567 660 680 709 virgo
713 660 887 699 Vestalis
920 661 969 699 ob
1000 661 1196 698 incestum
1228 661 1319 698 viva
1351 660 1507 700 defossa
1541 663 1612 700 est.

48 733 138 758 cum
169 719 287 758 vicini
315 719 503 758 Veientes
533 719 769 758 incommodi
799 720 927 770 magis
960 732 1077 769 quam
1110 732 1251 769 graves
1285 722 1428 769 essent,
1460 720 1613 758 familia

47 779 263 817 Fabiorum
293 779 332 816 id
363 779 512 817 bellum
544 779 762 828 gerendum
794 779 1023 828 depoposcit
1054 779 1239 828 misitque
1271 779 1311 816 in
1342 779 1383 816 id
1413 781 1611 818 trecentos

49 851 118 877 sex
154 840 348 886 armatos,
393 838 460 887 qui
497 837 548 875 ad
580 837 805 877 Cremeram
842 840 1002 887 praeter
1038 852 1161 876 unum
1198 838 1248 875 ab
1287 838 1468 876 hostibus
1509 838 1612 876 caesi

47 899 153 936 sunt.
214 897 369 947 Appius
402 896 591 935 Claudius
629 898 783 947 consul,
821 910 910 935 cum
942 897 1131 936 adversus
1163 897 1333 935 Vulscos
1366 897 1613 936 contumacia

49 957 245 995 exercitus
282 957 386 994 male
423 959 644 1006 pugnatum
681 959 802 1007 esset⁷
841 957 1034 995 decimum
1073 969 1268 1006 quemque
1300 957 1472 995 militum
1503 957 1611 995 fuste

47 1015 253 1065 percussit.
304 1028 367 1054 res
398 1018 605 1065 praeterea
637 1017 826 1055 adversus
858 1016 1025 1055 Vulscos
1059 1019 1098 1054 et
1129 1015 1321 1054 Hernicos
1354 1018 1394 1054 et
1426 1016 1612 1055 Veientes

44 1078 172 1124 gestas
203 1078 243 1113 et
275 1075 486 1114 seditiones
517 1076 621 1114 inter
651 1077 786 1125 patres
819 1076 1053 1125 plebemque
1086 1075 1272 1113 continet.
