1799 3105
19 214 64 245 13

21 452 64 482 14

20 510 63 541 15

24 746 66 777 16

20 1031 74 1073 51

44 1219 64 1249 2

45 1338 65 1368 3

44 1455 67 1485 4

45 1573 66 1605 5

45 1634 66 1664 6

90 95 148 136 84
600 91 744 126 LIBER
769 91 829 126 111.
881 90 982 125 CAP.
1009 94 1064 125 50.
1094 93 1150 125 51.

1449 109 1474 127 a.
1496 110 1523 128 u.
1545 109 1571 129 c.
1594 103 1656 129 305.

91 217 182 245 esse
203 202 498 257 respondetur.
537 202 641 241 eunt
661 199 830 254 agmine
851 198 903 240 ad
930 199 1081 239 urbem
1102 200 1144 239 et
1164 197 1426 242 Aventinum
1451 200 1655 256 insidunt,

89 265 137 304 ut
168 263 347 317 quisque
388 262 648 312 occurrerat,
684 258 854 313 plebem
893 257 946 298 ad
978 258 1251 312 repetendam
1289 258 1535 301 libertatem
1567 274 1654 302 ore-

90 322 307 375 andosque
340 320 535 361 tribunos
567 318 707 372 plebis
741 317 1031 359 adhortantes.
1085 317 1170 358 alia
1201 331 1283 358 vox
1313 318 1433 360 nulla
1465 319 1656 361 violenta

89 381 235 423 audita
267 381 342 421 est.

209 438 414 480 Senatum
435 435 505 491 Sp.
527 436 692 491 Oppius
718 435 859 476 habet.
903 435 1014 476 nihil
1039 434 1180 489 placet
1206 449 1355 489 aspere
1382 435 1472 491 agi:
1499 436 1657 490 quippe

91 499 144 540 ab
189 497 294 551 ipsis
341 496 488 537 datum
530 497 673 538 locum
718 493 920 535 seditioni
959 508 1063 535 esse.
1126 494 1357 536 mittuntur
1393 497 1481 536 tres
1523 495 1657 550 legati

91 557 352 609 consulares,
381 554 452 609 Sp.
472 554 699 609 Tarpeius,
727 552 772 595 C.
791 552 926 594 Iulius
935 586 946 606 ,
970 552 1017 594 P.
1039 551 1268 608 Sulpicius,
1302 554 1376 608 qui
1402 555 1658 608 quaererent

91 618 263 657 senatus
295 614 456 669 verbis,
495 614 614 655 cuius
651 614 772 655 iussu
810 614 952 654 castra
992 611 1296 662 deseruissent,
1336 614 1411 654 aut
1442 612 1543 667 quid
1576 612 1658 654 sibi

93 674 262 727 vellent,
295 673 368 728 qui
400 674 556 714 armati
588 672 851 714 Aventinum
883 671 1155 712 obsedissent
1187 672 1383 726 belloque
1416 686 1568 713 averso
1602 672 1656 713 ab

93 733 294 775 hostibus
331 733 517 787 patriam
557 747 679 773 suam
719 731 945 784 cepissent.
1006 745 1095 771 non
1136 730 1288 784 defuit,
1329 730 1443 785 quod
1483 745 1659 785 respon-

95 793 284 846 deretur,
329 791 494 845 deerat,
540 792 612 845 qui
653 791 775 831 daret
810 803 1084 843 responsum,
1129 790 1351 830 nullodum
1395 791 1511 831 certo
1555 789 1659 831 duce

90 866 167 893 1100
207 852 312 893 satis
351 850 607 892 audentibus
647 848 828 904 singulis
866 847 1051 889 invidiae
1091 863 1135 889 se
1172 848 1335 889 offerre.
1396 848 1441 889 id
1471 848 1599 890 modo
1632 863 1657 889 a

91 910 366 952 multitudine
400 910 716 951 conclamatum
748 909 830 960 est,
861 909 910 947 ut
943 906 989 948 L.
1015 906 1239 948 Valerium
1273 909 1315 948 et
1344 906 1401 949 M.
1426 905 1657 983 Horatium

92 970 144 1011 ad
177 984 221 1011 se
255 970 492 1010 mitterent.
525 969 577 1009 iis
611 982 654 1008 se
687 967 863 1008 daturos
895 980 1165 1021 responsum.

212 1028 414 1069 Dimissis
459 1026 614 1082 legatis
660 1026 863 1067 admonet
906 1025 1065 1066 milites
1103 1024 1355 1080 Verginius,
1398 1025 1444 1066 in
1484 1039 1529 1066 re
1569 1039 1659 1067 non

93 1088 278 1129 maxima
303 1087 433 1141 paulo
461 1089 559 1127 ante
585 1085 848 1140 trepidatum
876 1098 985 1138 esse,
1018 1084 1117 1138 quia
1145 1083 1236 1125 sine
1263 1084 1402 1138 capite
1428 1084 1658 1125 multitudo

90 1147 240 1200 fuerit,
266 1159 621 1200 responsumque,
648 1158 910 1199 quamquam
936 1158 1022 1184 non
1050 1143 1280 1197 inutiliter,
1307 1143 1486 1185 fortuito
1513 1145 1660 1184 tamen

92 1206 231 1261 magis
270 1219 482 1247 consensu
516 1219 644 1259 quam
683 1203 901 1245 communi
940 1202 1120 1244 consilio
1160 1217 1269 1256 esse3
1307 1202 1473 1256 placere
1513 1202 1658 1243 decem

93 1265 247 1318 creari,
280 1265 351 1319 qui
378 1278 569 1305 summae
595 1263 656 1303 rei
682 1264 951 1316 praeessent,
981 1261 1244 1316 militarique
1271 1261 1434 1302 honore
1460 1261 1659 1302 tribunos

93 1323 281 1365 militum
321 1323 542 1378 appellari.
605 1336 702 1363 cum
735 1321 788 1362 ad
820 1335 916 1362 eum
954 1321 1095 1374 ipsum
1133 1321 1319 1374 primum
1351 1321 1388 1361 is
1420 1320 1558 1362 honos
1590 1320 1659 1361 de-

91 1383 293 1437 ferretur,
338 1381 610 1423 ‘melioribus
655 1381 762 1422 meis
800 1379 1042 1433 vestrisque
1079 1380 1207 1420 rebus
1245 1378 1481 1420 reservate'
1520 1378 1662 1434 inquit

93 1441 194 1483 ‘ista
227 1441 277 1482 de
309 1455 378 1482 me
409 1440 583 1493 iudicia3
621 1454 699 1480 nec
737 1438 844 1480 mihi
882 1438 974 1479 filia
1011 1438 1151 1479 inulta
1188 1438 1396 1479 honorem
1429 1438 1564 1479 ullum
1596 1438 1659 1478 iu-

93 1501 277 1543 cundum
315 1514 408 1541 esse
445 1499 627 1555 patitur,
669 1512 747 1539 nec
785 1499 830 1538 in
866 1497 1121 1563 perturbata
1152 1511 1197 1537 10
1230 1496 1405 1562 publica
1444 1511 1515 1538 eos
1555 1496 1660 1537 utile

94 1564 159 1601 est
190 1573 388 1615 praeesse
420 1559 562 1613 vobis,
595 1558 669 1613 qui
694 1556 881 1611 proximi
905 1556 1092 1598 invidiae
1119 1556 1216 1597 sint.
1264 1555 1300 1596 si
1327 1555 1421 1610 quis
1447 1569 1549 1597 usus
1577 1555 1661 1596 mei

95 1622 176 1672 est,
207 1618 344 1660 nihilo
376 1619 517 1659 minor
550 1632 600 1658 ex
632 1617 801 1671 privato
835 1614 1053 1671 capietur?
1107 1615 1170 1656 ita
1202 1614 1347 1656 decem
1378 1629 1556 1656 numero
1587 1614 1661 1655 tri-

94 1679 231 1719 bunos
264 1677 475 1718 militares
509 1679 668 1718 creant.

139 1830 191 1876 se]
224 1830 278 1864 als
309 1829 357 1864 ob
389 1829 455 1863 das
480 1827 596 1862 Aktiv
623 1827 840 1871 respondent
910 1824 1106 1861 Dezemvir
1125 1828 1193 1860 451
1216 1825 1275 1860 die
1295 1824 1417 1860 Guns‘t-
1435 1824 1500 1859 des
1519 1823 1660 1859 Volkes

91 1877 222 1922 folgte.
913 1874 1103 1908 erworben
1129 1873 1235 1917 (Kap.
1263 1877 1320 1916 33,
1349 1874 1418 1916 10).

142 1940 195 1971 13.
217 1934 458 1980 Aventinum]
478 1934 564 1969 weil
583 1933 702 1967 dieser
715 1932 840 1977 Hi'igel

89 1984 183 2028 jetzt
215 1995 289 2019 von
315 1983 380 2017 der
404 1981 515 2016 Plebs
541 1980 720 2016 bewohnt
744 1990 838 2023 war3

92 2031 167 2075 vgl.
194 2043 237 2065 zu
263 2030 501 2075 Kap.31,1.

142 2094 196 2123 14.
223 2089 371 2134 quippe]
398 2087 484 2132 Vgl.
512 2098 556 2122 zu
578 2087 672 2130 Kap.
699 2089 733 2128 9,
759 2088 792 2119 4.

141 2142 186 2176 ab
206 2142 314 2186 ipsis]
341 2152 415 2176 von
435 2140 506 2174 den
525 2138 746 2174 Dezemvirn
765 2136 841 2171 und

93 2189 180 2223 dem
201 2189 326 2232 Senat,
353 2188 403 2221 da
422 2198 460 2221 01
479 2187 518 2220 111
543 2189 562 2227 ξ
583 2190 601 2220 1
623 2185 729 2220 nicht
746 2184 841 2219 rich-

92 2235 151 2281 tig
175 2235 373 2270 verfahren
399 2245 486 2268 war.

143 2288 275 2334 locum]
309 2285 616 2329 ‘Veranlassung'
623 2314 630 2321 .
669 2284 754 2329 Vgl.
781 2284 841 2328 25,

96 2340 158 2379 14,
186 2339 230 2370 10
261 2335 405 2370 nullum
437 2344 550 2378 neque
585 2334 700 2367 locum
731 2342 843 2376 neque

94 2387 234 2427 tempus
264 2382 491 2417 cunctationi
516 2380 708 2416 consiliove
732 2379 840 2413 dedit.

95 2430 180 2465 Wie
210 2429 292 2464 hier
326 2429 397 2463 mit
427 2428 543 2463 locum
576 2428 640 2469 do,
678 2437 717 2460 so
750 2424 843 2459 wird

97 2477 152 2512 oft
189 2476 259 2511 mit
295 2477 394 2511 locus
431 2479 481 2510 est
519 2474 578 2509 ein
610 2472 725 2508 Dativ
762 2483 841 2507 ver-

94 2524 255 2559 bunden.

146 2586 202 2618 15
236 2581 458 2626 consulares]
493 2580 609 2614 altere
641 2578 719 2613 und.
744 2577 844 2612 beim

98 2629 220 2664 Volke
269 2628 467 2673 geachtete
517 2627 689 2668 Manner,
738 2625 847 2659 nicht

96 2676 224 2720 junge,
250 2676 320 2710 wie
345 2679 364 2717 ξ
393 2679 424 2710 1.
475 2675 536 2719 Sp.
564 2652 742 2717 Tarpe’ius
768 2681 845 2705 war

98 2722 240 2757 Konsul
265 2726 335 2757 454
361 2721 467 2766 (Kap.
495 2725 553 2764 31,
579 2722 633 2765 5),
661 2719 699 2753 P.
722 2718 813 2763 Sulp
815 2718 844 2752 i-

100 2769 178 2803 cius
210 2773 278 2804 461
312 2769 402 2822 (vgl.
434 2780 478 2803 zu
503 2767 596 2813 Kap.
624 2769 686 2809 31,
713 2768 765 2809 8),

100 2815 215 2849 Iulius
234 2827 311 2850 war
329 2816 390 2850 nie
404 2815 547 2850 Konsul
563 2822 734 2859 gewesen
754 2812 842 2857 (vgl.

101 2873 145 2896 zu
169 2861 262 2906 Kap.
284 2866 341 2903 33,
362 2865 410 2907 3),
436 2863 542 2897 hatte
569 2861 648 2896 sich
674 2859 764 2894 aber
789 2858 843 2893 als

959 1920 1092 1966 verbis]
1117 1920 1168 1954 im
1195 1920 1352 1962 Namen,
1379 1919 1548 1964 Auftrag.

959 1968 1049 2011 quid
1072 1968 1144 2002 sibi
1162 1967 1307 2013 vellent]
1335 1966 1419 2011 Vgl.
1439 1966 1533 2011 Kap.
1555 1968 1612 2009 35,
1628 1969 1659 1999 5.

963 2024 1017 2055 16.
1050 2020 1258 2065 nullodum]
1291 2019 1378 2054 Man
1409 2018 1568 2053 beaohte
1594 2018 1660 2052 das

914 2066 1132 2101 livianische
1162 2066 1272 2101 Wort
1301 2066 1517 2101 nullusdum
1550 2065 1662 2099 ‘noch

913 2113 1076 2148 keiner’:
1103 2113 1137 2157 5,
1153 2117 1209 2156 34,
1225 2117 1264 2157 63
1294 2113 1327 2158 7,
1341 2117 1398 2156 33,
1415 2116 1475 2155 13;
1499 2112 1535 2156 9,
1552 2115 1607 2155 12,
1622 2116 1662 2155 33

914 2160 975 2203 29,
993 2164 1048 2203 11,
1066 2164 1096 2197 1.

962 2230 1024 2264 51.
1064 2234 1095 2266 1.
1122 2231 1344 2275 trepidatum
1374 2230 1462 2276 esse]
1494 2240 1582 2264 man
1608 2228 1662 2265 sei

914 2276 953 2312 in
978 2277 1245 2322 Verlegenheit
1269 2287 1454 2322 gewesen.

962 2333 994 2365 2.
1021 2341 1180 2366 summae
1204 2331 1273 2377 rei]
1301 2330 1365 2365 des
1392 2330 1551 2365 Ganzen.

962 2384 1187 2428 militarique
1215 2382 1363 2429 honore]
1397 2383 1509 2418 ‘nach
1539 2382 1660 2417 ihrem

914 2430 1189 2465 militarischen
1220 2429 1444 2465 Ehrenamt’
1491 2429 1576 2464 weil
1607 2429 1661 2464 sie

916 2488 964 2512 an
990 2477 1055 2512 der
1079 2478 1203 2523 Spitze
1229 2478 1294 2513 der
1313 2475 1504 2522 Legionen
1529 2475 1660 2510 stehen

915 2524 991 2559 und
1007 2524 1106 2560 diese
1120 2526 1309 2560 vertreten
1323 2524 1475 2569 sollten·
1490 2521 1661 2558 ublicher

916 2574 1014 2606 ware
1040 2575 1072 2606 et
1097 2583 1121 2607 a
1144 2572 1301 2607 militari
1325 2572 1466 2606 honore.

964 2628 996 2659 3.
1033 2624 1256 2670 melioribus]
1283 2623 1399 2659 durch
1426 2621 1659 2666 ‘Besserung,

915 2670 1064 2706 bessere
1091 2671 1328 2716 Gestaltung’
1362 2681 1406 2704 zu
1431 2670 1660 2704 fibersetzen.

963 2719 1122 2765 iudicia]
1152 2718 1342 2764 giinstige,
1375 2715 1662 2751 anerkennende

918 2765 1078 2859 Urffii’i]
1107 2811 1190 2857 Vgl.
1217 2823 1261 2844 zu
1279 2809 1374 2854 Kap.
1395 2813 1428 2853 8,
1449 2813 1480 2844 7.
1509 2830 1554 2834 -
1573 2819 1661 2854 pro-

915 2859 1025 2905 oeimi]
1051 2870 1112 2893 am
1138 2857 1296 2892 meisten
1321 2858 1542 2901 ausgesetzt.
