1799 3105
611 97 756 132 LIBER,
782 97 846 133 III.
897 96 1001 133 CAP.
1031 100 1083 132 15.
1113 101 1167 133 16.
1622 95 1677 136 27

106 116 136 136 8·
158 109 226 135 Chr.
246 116 276 134 n.
297 108 358 134 460.

107 207 250 263 vulgo,
275 208 443 248 tantum
470 208 517 248 ut
543 206 706 248 incerto
734 206 860 248 hoste
886 205 1147 261 praesidium
1175 204 1282 246 satis
1308 203 1440 245 fidum
1461 204 1515 245 ad
1535 204 1681 245 omnia

110 269 236 308 esset.
293 265 472 307 solliciti
504 265 718 321 reliquum
750 266 888 307 noctis
921 265 1173 319 incertique,
1205 263 1278 318 qui
1303 263 1514 317 homines,
1546 278 1679 317 quan-

110 329 180 367 tus
199 339 404 366 numerus
426 325 619 366 hostium
641 327 765 379 esset,
791 325 834 366 in
858 324 1117 366 stationibus
1139 322 1421 377 disponendis
1450 322 1502 364 ad
1523 337 1677 376 oppor-

104 387 215 426 tuna
234 385 374 425 omnis
402 384 520 425 urbis
547 384 642 426 loca
669 398 805 439 egere.
850 384 925 424 lux
946 383 1098 424 deinde
1126 383 1294 437 aperuit
1318 382 1481 423 bellum
1508 381 1676 423 ducem-

108 458 190 499 que
221 443 341 485 belli.
404 457 550 484 servos
591 443 643 484 ad
688 443 936 484 libertatem
976 441 1057 496 Ap.
1089 441 1334 484 Herdonius
1374 455 1426 482 ex
1458 439 1676 495 Capitolio
1703 451 1724 483 9

105 503 312 544 vocabat:
351 516 396 543 se
435 502 665 543 miserrimi
705 502 910 556 cuiusque
943 501 1183 556 suscepisse
1218 515 1403 553 causam,
1444 502 1493 541 ut
1531 499 1678 541 exules

106 561 264 603 iniuria
300 562 448 617 pulsos
487 561 533 601 in
573 560 759 615 patriam
797 560 1022 602 reduceret
1067 563 1110 602 et
1142 560 1330 616 servitiis
1363 573 1495 614 grave
1528 559 1679 614 iugum

103 621 306 662 demeret.
367 620 410 661 id
452 619 581 661 malle
620 620 781 674 populo
813 619 1013 661 Romano
1053 622 1227 660 auctore
1258 618 1370 673 fieri,
1411 619 1447 660 si
1486 618 1548 660 ibi
1581 632 1678 672 spes

105 694 195 721 non
227 679 297 734 sit,
330 693 374 720 se
400 678 584 720 Volscos
618 681 660 720 et
692 679 866 734 Aequos
900 680 943 720 et
975 678 1121 720 omnia
1148 680 1340 720 extrema
1365 679 1679 733 temptaturum

109 741 153 780 et
185 712 512 780 concitaturum.

227 796 428 839 Dilucere
460 812 529 838 res
562 798 703 853 magis
729 797 927 852 patribus
955 799 1084 852 atque
1113 796 1390 838 consulibus.
1425 797 1597 850 praeter
1629 810 1678 837 ea
1696 797 1749 839 16

104 859 265 910 tamen,
298 871 407 911 quae
440 856 818 911 denuntiabantur,
856 872 911 898 ne
943 856 1191 898 Veientium
1223 870 1307 897 neu
1346 854 1603 896 Sabinorum
1635 855 1679 896 id

106 916 334 957 consilium
362 918 489 969 esset,
520 916 687 969 timere,
720 919 773 970 et,
805 930 901 957 cum
926 918 1099 957 tantum
1125 916 1171 956 in
1201 915 1306 956 urbe
1333 914 1526 956 hostium
1553 917 1677 964 esset,
1705 925 1724 956 2

105 990 206 1017 mox
233 973 419 1016 Sabinae
446 974 742 1029 Etruscaeque
774 975 966 1031 legiones
993 990 1045 1016 ex
1071 974 1312 1029 composito
1340 973 1553 1027 adessent,
1584 976 1679 1014 tum

106 1034 274 1076 aeterni
313 1034 462 1075 hostes
498 1033 648 1076 Volsci
690 1037 732 1075 et
770 1034 911 1089 Aequi
949 1049 1039 1076 non
1071 1035 1124 1075 ad
1162 1033 1452 1089 populandos,
1484 1035 1533 1074 ut
1565 1035 1678 1086 ante,

102 1094 224 1147 fines,
263 1093 339 1134 sed
379 1094 431 1134 ad
470 1093 622 1135 urbem
663 1096 710 1135 ut
748 1108 799 1135 ex
835 1096 959 1149 parte
998 1096 1169 1148 captam
1207 1093 1414 1135 venirent.
1476 1092 1602 1133 multi
1635 1095 1678 1133 et
1704 1106 1724 1137 3

105 1152 215 1194 varii
246 1152 442 1206 timores,
480 1153 592 1194 inter
630 1156 797 1195 ceteros
831 1153 1049 1195 eminebat
1088 1157 1229 1194 terror
1263 1152 1450 1205 servilis,
1487 1166 1541 1192 ne
1575 1165 1677 1192 suus

104 1212 258 1266 cuique
291 1212 406 1253 domi
437 1212 577 1253 hostis
611 1215 742 1266 esset,
782 1213 849 1254 cui
886 1227 966 1254 nec
999 1212 1169 1254 credere
1206 1226 1283 1253 nec
1321 1226 1411 1253 non
1454 1210 1677 1263 credendo,

103 1285 158 1312 ne
196 1270 397 1312 infestior
434 1271 573 1324 fieret,
616 1271 744 1313 fidem
787 1272 998 1327 abrogare
1040 1272 1145 1313 satis
1184 1273 1277 1312 erat
1317 1273 1480 1324 tutum,
1519 1270 1675 1324 vixque
1702 1284 1724 1314 4

105 1329 336 1372 concordia
368 1329 463 1371 sisti
497 1330 722 1372 videbatur
753 1345 894 1385 posse.
949 1333 1121 1372 tantum
1154 1330 1457 1384 superantibus
1496 1328 1593 1370 aliis
1627 1343 1676 1370 ac

974 1459 1037 1494 16.
1055 1463 1087 1494 1.
1096 1457 1429 1504 denuntiabantur]
1439 1469 1511 1492 von
1523 1457 1587 1492 der
1595 1456 1674 1492 offi-

926 1506 1058 1541 ziellen
1093 1506 1311 1550 Mitteilung
1342 1507 1433 1540 siber
1466 1505 1525 1539 die
1559 1503 1674 1539 Plane

925 1555 990 1588 des
1015 1553 1238 1588 Herdonius.

978 1600 1196 1646 Veientium]
1236 1599 1323 1635 weil
1365 1599 1458 1635 Caso
1497 1598 1559 1634 bei
1603 1599 1676 1634 den

925 1648 1132 1683 Etruskern
1157 1659 1236 1682 war
1260 1647 1367 1692 (Kap.
1398 1651 1451 1690 13,
1480 1648 1528 1692 8).

151 1461 295 1493 tantum
313 1458 371 1505 ut]
393 1458 695 1494 beschr‘ankend:
715 1471 784 1493 nur
797 1458 852 1493 in-

101 1505 233 1541 soweit
258 1503 345 1540 dass.

150 1553 287 1587 incerto
306 1552 419 1599 hoste]
445 1553 517 1587 mit
537 1553 722 1597 passivem
744 1553 851 1588 Sinn.

100 1601 151 1636 da
187 1600 280 1635 fiber
317 1600 388 1634 den
430 1600 546 1635 Feind
586 1598 852 1645 Ungewissheit

103 1647 313 1689 herrschte3
328 1646 363 1691 4,
379 1651 411 1690 6,
428 1651 469 1689 2;
485 1647 544 1689 23,
561 1651 616 1691 33,
628 1652 666 1690 3,
682 1647 850 1691 27,37,5.

150 1695 279 1740 fidum]
316 1694 414 1738 ‘fest,
441 1694 590 1738 sicher',
624 1695 693 1729 wie
720 1696 775 1730 oft
799 1696 852 1730 im

101 1743 277 1788 spateren
305 1741 456 1776 Latein:
483 1745 541 1786 27,
568 1746 600 1786 5,
628 1746 659 1776 5.

151 1790 331 1834 reliquum
350 1789 483 1835 noctis]
505 1806 549 1818 =
570 1790 746 1834 reliquam
760 1801 852 1834 par-

104 1841 172 1872 tem
197 1837 314 1872 noctis
340 1837 398 1879 (zu
423 1835 516 1881 Kap.
546 1841 601 1880 17,
627 1839 674 1882 7),
701 1849 746 1871 zu
771 1849 852 1872 ver·

100 1884 241 1919 binden
267 1883 337 1918 mit
362 1894 469 1927 effere.

149 1931 374 1977 opportuna]
408 1930 603 1976 geeignet,
641 1931 755 1967 naml.
789 1943 851 1965 zur

102 1978 346 2023 Aufstellung
372 1977 475 2013 eines
502 1979 669 2013 Postens.

149 2025 281 2072 omnis]
315 2026 403 2061 Man
435 2028 520 2070 sagt
551 2027 668 2061 omnis
692 2030 849 2070 senatus,

99 2074 293 2116 eaeereitus,
319 2074 511 2119 equitatus,
545 2074 630 2108 weil
657 2073 757 2108 diese
785 2085 850 2108 aus

102 2121 295 2156 einzelnen
362 2119 585 2155 Individuen
653 2121 849 2165 bestehen;

101 2170 218 2204 omnis
242 2169 330 2203 urbs
356 2168 465 2204 sollte
500 2167 614 2203 somit
645 2168 849 2204 bedenten:

100 2216 174 2250 alle
201 2215 530 2259 Stadtbewohner;
565 2216 645 2250 hier
677 2218 852 2251 erwartet

103 2274 191 2298 man
216 2263 338 2298 totius.

150 2310 232 2355 lux]
259 2310 344 2354 Vgl.
364 2309 425 2353 27,
441 2314 473 2353 2,
491 2314 533 2344 10
553 2311 618 2345 ubi
638 2312 704 2346 lux
722 2312 851 2357 fuqam

102 2357 258 2392 hostium
293 2358 438 2400 aperuit
472 2357 572 2401 (der
604 2358 685 2403 Tag
717 2358 850 2393 deckte

101 2404 209 2449 auf').

150 2455 182 2486 9.
209 2455 251 2486 ut
278 2480 284 2486 .
319 2478 326 2485 .
355 2478 362 2485 .
395 2451 564 2497 demeret]
598 2451 851 2497 Erlauterung

100 2499 167 2533 des
194 2497 526 2542 vorhergehenden
553 2498 693 2534 Satzes.

148 2545 311 2591 auctore]
330 2546 399 2579 mit
413 2546 700 2591 Genchmigung
713 2547 778 2581 des
794 2567 849 2580 —.

150 2597 410 2639 temptaturum
431 2597 463 2628 et
484 2594 769 2639 concitaturum]
797 2605 852 2628 er-

106 2643 222 2676 steres
249 2640 317 2675 auf
339 2641 463 2675 omnia
483 2644 653 2683 eoetrema,
679 2641 853 2675 letzteres

106 2688 173 2722 auf
200 2688 343 2723 Volscos
368 2691 401 2722 et
424 2689 568 2733 Aequos
594 2700 638 2722 zu
663 2686 852 2722 beziehen.

103 2735 181 2771 Cic.
209 2736 257 2770 ad
283 2736 384 2770 Brut.
413 2735 453 2779 1,
483 2739 542 2778 16,
571 2739 590 2770 9
623 2736 793 2779 experiar
822 2739 855 2771 et

103 2784 281 2827 temptabo
317 2784 458 2826 omnia,
499 2782 588 2818 Sall.
623 2783 700 2818 Cat.
735 2786 800 2825 26,
834 2787 853 2817 5

107 2833 266 2864 extrema
292 2831 416 2865 omnia
440 2831 610 2875 eaeperiri.
649 2829 734 2874 Vgl.
761 2830 853 2875 Kap.

110 2879 142 2920 2,
170 2881 230 2911 11:
259 2877 393 2912 ultima
418 2878 555 2913 audere
583 2880 620 2912 ct
647 2876 816 2922 experiri.

973 1695 1209 1740 Sabinorum]
1254 1695 1319 1729 der
1350 1694 1575 1729 Landsleute
1610 1694 1674 1728 des

926 1742 1147 1778 Herdonius.

973 1790 1111 1836 timere]
1154 1789 1220 1824 lnf.
1260 1789 1358 1832 hist,
1399 1807 1442 1818 ==
1487 1789 1672 1832 timebant,

925 1838 1036 1872 n‘aml.
1063 1840 1190 1882 patres
1217 1840 1322 1881 atque
1348 1837 1519 1872 eonsules.

974 1891 1004 1920 2.
1032 1884 1204 1930 hostium]
1226 1884 1327 1919 nicht
1347 1885 1415 1918 mit
1432 1885 1517 1919 urbe
1532 1896 1576 1918 zu
1589 1895 1672 1919 ver-

924 1932 1074 1977 binden,
1102 1932 1260 1967 sondern
1287 1932 1380 1966 mit?

971 1983 1084 2015 ut..
1114 2007 1120 2013 .
1146 1979 1308 2024 captam]
1350 1979 1414 2013 ‘da
1452 1978 1503 2013 sie
1530 1977 1573 2023 ja
1605 2005 1611 2012 .
1636 2006 1672 2013 ..

925 2027 1211 2072 eingenommen
1237 2027 1304 2061 sei'
1353 2038 1396 2060 zu
1422 2027 1575 2071 Kap.5,
1605 2031 1635 2062 1.

972 2078 1004 2110 3.
1031 2076 1126 2109 inter
1140 2074 1287 2120 ceteros]
1309 2040 1386 2108 s3cil.
1403 2073 1573 2117 timores,
1596 2073 1671 2118 vgl.

924 2120 1017 2166 Kap.
1047 2126 1102 2166 10,
1130 2125 1148 2156 7
1176 2123 1271 2156 inter
1296 2125 1422 2157 cetera.

971 2169 1127 2215 servilis]
1163 2170 1257 2204 statt
1285 2169 1385 2203 eines
1419 2168 1507 2204 Gen.
1536 2167 1670 2203 obiect.

926 2237 969 2241 —
995 2227 1040 2251 ne
1055 2246 1061 2252 .
1078 2245 1086 2252 .
1103 2245 1110 2252 .
1131 2217 1236 2262 esset]
1252 2216 1444 2261 abhangig
1457 2227 1530 2251 von
1544 2219 1671 2251 terror.

973 2264 1129 2310 credere]
1159 2263 1336 2299 ‘tranen’.
1365 2284 1409 2289 —-
1437 2264 1523 2298 Man
1550 2262 1673 2297 durfte

925 2311 1049 2346 weder
1075 2312 1196 2347 einem
1225 2311 1388 2346 Sklaven
1413 2312 1547 2346 tranen
1576 2311 1673 2345 noch

924 2359 1001 2393 ihm
1043 2360 1161 2393 durch
1192 2357 1407 2394 Misstrauen
1447 2358 1506 2392 die
1540 2357 1673 2392 Zuver-

925 2406 1122 2451 lassigkeit
1171 2406 1420 2451 absprechen,
1472 2405 1591 2439 damit
1634 2415 1673 2439 er

924 2453 1030 2487 nicht
1055 2454 1152 2488 noch
1178 2456 1284 2487 mehr
1308 2453 1483 2487 erbittert
1510 2452 1645 2485 wurde.

971 2511 1016 2535 ne
1043 2530 1049 2536 .
1073 2528 1080 2535 .
1101 2528 1108 2535 .
1142 2500 1254 2545 fieret]
1295 2500 1503 2542 Finalsatz,
1546 2499 1672 2534 indem

923 2548 1014 2582 satis
1053 2551 1130 2582 erat
1172 2551 1288 2581 tutum
1333 2545 1673 2592 gleichbedeutend

925 2594 976 2628 ist
1001 2593 1071 2628 mit
1097 2595 1235 2629 licebat.

973 2644 1006 2675 4.
1034 2641 1246 2687 concordia]
1268 2641 1364 2684 Abl,
1390 2641 1503 2675 naml.
1526 2641 1672 2684 cii-ium,

927 2689 1108 2724 ordinum.
1131 2709 1172 2713 —
1193 2689 1291 2733 sisti]
1314 2688 1396 2733 Vgl.
1419 2700 1462 2722 zu
1481 2687 1574 2732 Kap.
1594 2692 1626 2730 9,
1639 2691 1671 2723 7.

975 2737 1184 2781 tantum]l
1170 2734 1327 2769 Massbes
1319 2736 1517 2781 timmung
1544 2746 1587 2769 zu
1612 2746 1671 2770 su-

922 2784 1159 2827 perantibus:
1180 2782 1228 2817 da
1247 2783 1384 2817 andere
1398 2765 1514 2816 chlo
1509 2794 1549 2818 so
1564 2782 1671 2818 uber-

928 2841 1060 2875 wogen
1088 2829 1175 2875 (vgl
1203 2842 1246 2864 zu
1272 2830 1418 2875 Kap.5,
1441 2831 1474 2875 1)
1500 2830 1577 2865 und
1604 2830 1671 2864 das

930 2877 1171 2913 Staatsschiff
1198 2889 1242 2912 zu
1268 2878 1475 2912 verscnken
1501 2878 1670 2913 drohten.
