1799 3105
139 76 223 117 104
603 77 747 112 LIBER
772 77 834 112 111.
885 76 985 113 CAP.
1014 82 1069 113 63.
1099 83 1155 114 64

1490 97 1515 115 a.
1534 97 1563 116 u.
1585 97 1610 116 c.
1631 91 1694 117 305.

91 196 108 226 7
138 185 295 227 milites
323 185 464 228 dedita
490 199 618 240 opera
643 185 822 227 terroris
848 200 975 227 causa
1000 186 1160 228 haberi.
1201 186 1346 242 itaque
1366 188 1466 230 inde
1487 189 1698 245 eonsules,

136 259 188 286 ne
216 245 505 287 criminationi
532 245 650 286 100113
685 247 814 299 03301,
845 245 891 286 111
919 247 1045 300 prata
1071 244 1302 300 Flaminia,
1333 247 1407 289 ubi
1432 262 1545 290 1111110
1571 248 1696 292 aedes

137 303 353 358 Apollinis
387 306 452 346 est
477 328 524 333 -—
549 303 635 345 iam
667 306 759 345 tum
780 303 1032 358 Apollinare
1065 305 1412 359 appellabant—
1424 340 1435 361 ,
1467 322 1696 350 avocavere

93 374 112 405 8
140 366 347 404 senatum.
410 362 484 404 ubi
516 377 612 404 cum
638 364 806 418 ingenti
839 377 1050 405 consensu
1081 367 1251 418 patrum
1277 369 1508 421 negaretur
1546 367 1692 409 trium-

136 422 266 477 phus,
298 422 342 463 L.
375 421 518 463 Icilius
550 422 749 463 tribunus
782 422 921 476 plebis
954 423 1053 464 tulit
1085 423 1137 464 ad
1169 424 1373 478 populum
1401 425 1452 467 de
1476 425 1692 482 triumpho

139 482 363 523 consulum
397 481 545 522 multis
578 482 821 524 dissuasum
859 482 1187 537 prodeuntibus,
1225 484 1409 525 maxime
1441 483 1486 527 Ο.
1519 483 1693 527 Claudio

92 552 111 582 9
141 540 421 582 vociferante:
457 540 507 582 de
538 526 747 595 patribus,
778 556 864 583 non
898 541 948 583 de
980 541 1177 584 hostibus
1211 543 1406 585 consules
1431 544 1692 599 triumphare

138 600 263 653 velle,
309 600 578 655 gratiamque
617 615 693 654 pro
733 601 902 655 privato
940 601 1092 643 merito
1131 602 1177 642 in
1211 601 1451 657 tribunum,
1494 618 1579 646 non
1614 617 1692 657 pro

138 659 298 700 virtute
318 659 526 701 honorem
547 660 648 714 peti.
693 675 928 715 numquam
955 663 1055 702 ante
1082 660 1131 701 de
1154 661 1374 716 triumpho
1394 677 1471 717 per
1489 662 1693 718 populum

140 720 301 773 actum,
335 733 501 773 semper
534 719 879 761 aestimationem
913 720 1222 775 arbitriumque
1249 721 1339 762 01113
1365 721 1540 764 110110113
1561 735 1693 776 penes

70 788 111 819 10
139 780 336 819 30113111111
368 777 514 821 fuisse.
575 793 629 820 ne
666 792 789 833 reges
829 778 1000 833 quidem
1039 779 1308 822 maiestatem
1348 782 1505 823 summi
1532 780 1694 823 ordinis

136 837 418 879 imminuisse.
459 851 513 878 ne
539 837 601 879 ita
628 838 772 880 omnia
796 838 959 879 tribuni
989 839 1220 892 potestatis
1253 854 1354 882 suae
1379 841 1615 895 implerent,
1646 842 1695 881 ut

136 896 304 937 nullum
335 896 554 951 publicum
587 897 812 939 consilium
846 897 1036 939 sinerent
1068 912 1172 940 esse.
1222 898 1284 940 ita
1317 899 1486 941 demum
1515 899 1695 941 liberam

138 955 358 998 civitatem
390 956 497 1008 fore,
538 956 600 998 ita
633 959 835 1011 aequatas
868 956 1001 1012 leges,
1041 957 1077 999 si
1116 972 1193 999 sua
1232 957 1410 1013 quisque
1449 959 1541 1000 iura
1578 958 1695 1013 ordo,

71 1026 109 1055 11
143 1029 264 1056 suam
304 1015 574 1056 maiestatem
613 1017 771 1057 teneat.
832 1016 877 1057 in
910 1016 1088 1058 eandem
1121 1017 1378 1059 sententiam
1420 1018 1553 1059 multa
1589 1019 1633 1059 et
1670 1032 1696 1059 a.

141 1074 291 1115 ceteris
325 1074 562 1116 senioribus
594 1077 765 1129 patrum
799 1089 893 1117 cum
927 1079 1070 1117 essent
1101 1076 1235 1131 dieta,
1268 1090 1414 1118 omnes
1439 1076 1574 1118 tribus
1601 1090 1696 1118 eam

98 1151 103 1176 ς
138 1133 408 1188 rogationem
442 1137 710 1189 acceperunt.
760 1136 853 1176 tum
884 1135 1069 1189 primum
1102 1136 1192 1177 sine
1231 1137 1485 1178 auctoritate
1523 1138 1696 1178 senatus

136 1193 285 1248 populi
315 1194 435 1234 iussu
465 1193 779 1248 triumphatum
812 1196 887 1235 est.

256 1251 375 1294 Haec
406 1253 586 1294 victoria
624 1253 896 1295 tribunorum
935 1253 1155 1308 plebisque
1193 1269 1325 1309 prope
1356 1255 1398 1297 in
1435 1254 1551 1297 haud
1583 1255 1695 1297 salu-

137 1311 257 1352 brem
288 1311 500 1353 luxuriam
542 1313 672 1354 vertit
715 1313 1030 1367 conspiratione
1074 1313 1186 1355 inter
1230 1314 1424 1356 tribunos
1468 1314 1602 1369 facta,
1646 1316 1695 1356 ut

135 1370 263 1412 iidem
289 1371 451 1412 tribuni
473 1372 747 1413 reficerentur
774 1374 829 1426 et,
855 1387 939 1427 quo
968 1387 1044 1413 sua
1067 1373 1210 1414 minus
1238 1374 1447 1428 cupiditas
1476 1374 1699 1428 emineret,

90 1442 109 1473 2
137 1430 331 1472 consules
364 1445 531 1486 quoque
563 1431 868 1473 continuarent
893 1432 1207 1486 magistratum.
1251 1446 1504 1474 consensum
1524 1435 1696 1487 patrum

137 1490 445 1544 causabantur,
483 1504 565 1544 quo
603 1504 678 1544 per
711 1491 1013 1532 contumeliam
1045 1491 1270 1533 consulum
1299 1492 1392 1533 iura
1422 1491 1696 1534 tribunorum

66 1253 122 1293 64

137 1629 201 1663 der
238 1629 350 1664 Senat
381 1640 446 1664 3113
480 1629 544 1664 der
577 1628 685 1665 stadt
722 1629 880 1665 heraus?

138 1676 235 1721 (Vgl.
263 1688 306 1710 zu
332 1675 423 1721 Kap.
455 1680 509 1718 10,
538 1678 583 1721 1.)

184 1725 307 1759 dedita
333 1724 458 1769 opera]
480 1724 564 1769 Vgl.
592 1723 683 1769 Kap.
711 1728 767 1768 30,
794 1729 825 1759 2.

185 1775 215 1806 7.
227 1775 339 1816 prata
347 1771 557 1817 Flaminia]
569 1772 651 1816 Vgl.
661 1772 813 1817 Kap.-54,
824 1776 878 1808 15.

182 1819 400 1863 Apollinare
414 1819 663 1865 appellabant]
676 1820 788 1855 n'aml.
801 1832 880 1855 eum

136 1867 265 1910 locum,
286 1867 350 1901 ubi
369 1877 468 1901 nune
487 1867 591 1901 aedes
610 1868 799 1911 Apollinis
817 1871 877 1903 est.

135 1913 326 1949 Demnach
366 1925 442 1948 war
474 1913 533 1948 die
559 1913 779 1960 Verehrung
816 1915 880 1950 des

135 1961 270 2005 Apollo
303 1973 384 1995 ums
409 1961 502 1996 Jahr
527 1965 596 1996 450
629 1962 667 1997 in
692 1963 786 1997 Rom
818 1963 880 1997 be-

136 2009 223 2043 reits
248 2008 440 2044 heimisch.

185 2059 205 2090 8
249 2056 531 2102 prodeuntibus]
571 2056 649 2092 Ehe
683 2058 748 2092 das
782 2056 881 2092 Volk

136 2103 175 2137 in
200 2103 271 2138 den
291 2102 607 2139 Tributkomitien
633 2116 697 2139 zur
716 2104 880 2139 Abstim-

137 2162 250 2195 mung
265 2150 406 2193 schritt,
427 2152 553 2186 wurde
572 2151 610 2186 in
629 2152 730 2186 einer
743 2151 881 2187 Kontio

137 2197 227 2242 (vgl.
254 2209 299 2231 zu
324 2197 418 2241 Kap.
447 2202 502 2241 34,
533 2200 566 2243 1)
593 2199 684 2234 iiber
709 2199 780 2233 den
807 2201 879 2233 An-

135 2248 221 2290 trag
256 2245 502 2290 gesprochen‚
533 2246 611 2280 und
642 2246 707 2280 der
739 2246 880 2281 Tribun

137 2290 283 2327 erteilte
303 2291 398 2326 auch
413 2291 485 2327 den
500 2291 672 2338 Gegnern
686 2293 750 2328 das
759 2294 878 2329 Wort.

185 2343 216 2374 9.
243 2350 439 2384 numquam
459 2343 542 2375 ante
561 2341 603 2375 de
622 2342 803 2385 triumpho
811 2352 880 2386 per

134 2387 309 2432 populum
347 2387 483 2432 aetum]
529 2387 661 2432 Spater
698 2390 787 2423 aber
828 2389 879 2423 ist

136 2434 312 2469 mancher
346 2445 431 2469 vom
465 2434 600 2469 Senate
634 2435 876 2481 verweigerte

138 2481 319 2526 Triumph
340 2493 426 2516 vom
446 2482 565 2517 Volke
586 2483 769 2528 bewilligt
787 2494 879 2518 wor-

138 2529 209 2564 den
229 2529 317 2574 (vgl.
333 2542 361 2563 z.
375 2530 413 2564 B.
439 2529 470 2573 7,
495 2533 549 2572 17,
570 2533 590 2564 9
611 2542 644 2566 u.
662 2531 721 2574 10,
736 2535 792 2574 37,
810 2532 878 2575 10).

138 2576 261 2611 Ι)111011
283 2576 348 2610 (133
370 2575 501 2611 Gesetz
526 2580 579 2621 ut,
600 2579 695 2622 quod
714 2579 880 2614 tributim

133 2624 252 2667 plebes
277 2624 456 2667 iussisset,
474 2626 654 2669 populum
676 2629 806 2661 teneret
830 2626 880 2661 ist

140 2670 203 2705 das
230 2671 328 2706 Volk
363 2671 510 2716 befugt,
541 2670 580 2706 in
612 2672 733 2708 dieser
758 2674 879 2717 Ange-

138 2717 329 2763 10801111οἰ1
341 2719 571 2755 mitzureden
582 2720 658 2754 und
672 2720 745 2755 den
757 2720 881 2756 volks-

138 2764 393 2801 freundliehen
414 2766 581 2801 Konsuln
600 2767 721 2802 Recht
741 2779 784 2802 zu
801 2779 879 2803 ver-

138 2811 310 2848 schaffen.

187 2859 469 2895 aestimationem
489 2861 770 2908 arbitriumque]
791 2862 824 2897 d.
844 2861 879 2896 11.

954 1630 1012 1665 die
1039 1630 1105 1665 auf
1129 1630 1194 1665 der
1220 1631 1455 1676 Wfirdigung
1487 1631 1553 1666 der
1585 1631 1697 1666 Sach-

953 1678 1039 1723 lage
1065 1678 1276 1713 beruhende
1301 1677 1590 1724 Entscheidung.

1003 1729 1056 1760 10.
1096 1725 1298 1771 implerent]
1327 1726 1428 1761 Statt
1471 1726 1534 1761 des
1572 1726 1696 1762 Ablat.

954 1773 1082 1818 copiae
1098 1771 1203 1818 (Kap.
1220 1777 1252 1816 5,
1270 1776 1329 1816 143
1353 1776 1407 1817 68,
1427 1779 1461 1817 ¹3
1477 1777 1531 1817 69,
1548 1775 1584 1819 2)
1602 1776 1699 1809 setzt

952 1819 1030 1855 Liv.
1069 1832 1112 1855 zu
1143 1821 1289 1865 implere
1315 1821 1370 1856 oft
1401 1821 1472 1856 den
1498 1821 1587 1857 Gen.
1616 1822 1697 1857 abs-

952 1867 1096 1903 trakter
1135 1867 1311 1912 Begriffe,
1352 1869 1523 1914 dagegen
1563 1868 1625 1904 nie
1653 1880 1698 1903 zu

954 1916 1135 1960 complere.
1180 1914 1290 1950 Diese
1321 1914 1591 1951 Konstruktion
1616 1916 1693 1962 (ein

954 1962 1180 2006 Gracismus)
1227 1963 1344 1998 findet
1375 1964 1454 1998 sich
1491 1964 1606 1998 sehon
1644 1963 1696 1998 im

953 2011 1115 2045 ‘altesten
1140 2009 1273 2045 Latein
1299 2010 1372 2055 (bei
1397 2010 1576 2054 Plautus).

1000 2059 1101 2093 ita..
1117 2057 1188 2104 .si]
1216 2057 1299 2102 Vgl.
1326 2057 1419 2102 Kap.
1446 2061 1503 2100 45,
1529 2061 1560 2093 2.

952 2104 1696 2193 111131131111101131111111

953 2211 1021 2234 nur
1046 2211 1107 2233 um
1141 2198 1201 2234 die
1226 2198 1504 2243 Kompetenzen
1536 2200 1601 2235 des
1634 2200 1697 2243 Se÷

952 2248 1057 2282 nates
1094 2247 1236 2290 (summi
1267 2247 1427 2290 ordinis,
1466 2247 1550 2282 dem
1582 2247 1696 2283 allein

952 2293 1011 2329 die
1055 2295 1224 2329 maiestas
1268 2293 1473 2339 zukommt)
1517 2294 1595 2330 und
1632 2295 1697 2330 der

951 2340 1151 2376 Volksvers
1139 2341 1356 2386 sammlung.
1393 2381 1412 2389 .-

998 2388 1058 2424 64.
1088 2393 1116 2423 1.
1146 2389 1349 2435 luxuriam]
1373 2382 1582 2424 ‘Ubermut’
1606 2389 1696 2435 (vgl.

950 2436 1044 2481 Kap.
1070 2440 1125 2479 33,
1153 2438 1200 2479 2).

999 2484 1121 2529 vertit]
1152 2483 1300 2528 ‘sohlug
1318 2483 1396 2518 um’
1408 2497 1416 2526 ς
1442 2482 1604 2527 1011011117,
1624 2483 1696 2518 wie

952 2531 1043 2576 Kap.
1071 2535 1127 2574 26,
1154 2534 1185 2565 9.

1000 2579 1201 2624 cupiditas]
1223 2576 1537 2623 Begehrlichkeit‚
1552 2577 1695 2612 Partei-

951 2625 1210 2661 leidenschaft.

1000 2673 1273 2718 continuarent]
1303 2671 1576 2713 ‘fortfiihrten'3
1601 2671 1693 2717 Kap.

1001 2749 1032 2802 '2.
1054 2767 1137 2813 per]
1166 2766 1291 2802 modal
1316 2767 1361 2802 st.
1387 2776 1480 2808 eum,
1507 2765 1577 2800 wie
1597 2765 1693 2811 Kap.

953 2818 1010 2858 42,
1037 2819 1057 2850 2
1083 2827 1117 2849 u.
1146 2818 1200 2849 66.
1227 2818 1259 2848 5.

1000 2863 1087 2897 iura
1123 2861 1354 2896 tribunorum
1386 2859 1502 2905 plebis
1539 2860 1694 2904 labefac-
