1799 3105
101 119 129 137 a.
150 111 216 137 Chr.
235 119 263 137 n.
283 112 345 137 449.

632 100 776 135 LIBER
800 100 863 136 111.
902 100 1003 136 CAP.
1029 104 1085 136 41.
1107 105 1164 137 42.
1614 103 1667 143 71

107 211 297 252 seniores
331 210 384 251 ab
411 210 583 252 residuo
604 209 860 251 tribuniciae
880 211 1111 265 potestatis
1133 210 1243 263 odio,
1269 209 1388 252 cuius
1409 211 1668 253 desiderium

106 270 218 323 plebi
245 270 381 311 multo
403 270 542 311 acrius
570 284 697 325 quam
724 270 994 311 consularis=
982 270 1152 324 imperii
1171 270 1377 311 rebantur
1402 285 1508 324 esse,
1535 285 1705 335 prope

107 329 324 370 malebant
344 329 605 383 postmodo
594 344 712 384 ipsos
735 329 995 371 decemviros
1016 329 1241 371 voluntate
1269 330 1387 371 abire
1410 325 1705 385 magistratu

106 402 231 442 quam
257 388 419 430 invidia
445 403 592 430 eorum
625 402 852 443 exsurgere
877 403 1024 430 rursus
1050 389 1232 443 plebem.
1285 389 1322 430 si
1353 389 1508 430 leniter
1540 390 1667 431 ducta
1694 401 1715 432 6

104 461 173 488 res
204 447 294 489 sine
327 448 526 502 populari
553 448 736 502 strepitu
764 447 816 488 ad
843 448 1039 489 consules
1064 448 1264 501 redisset,
1291 451 1365 489 aut
1390 449 1516 490 bellis
1536 449 1666 490 inter-

104 507 255 560 positis
289 510 364 548 aut
397 508 690 548 moderatione
717 507 940 548 consulum
966 507 1011 547 in
1044 507 1234 561 imperiis
1262 508 1506 549 exercendis
1539 523 1666 564 posse

104 565 150 607 in
182 567 439 608 oblivionem
472 566 744 607 tribunorum
776 566 946 620 plebem
980 566 1144 608 adduci.

223 624 402 667 Silentio
429 628 600 680 patrum
633 624 811 666 edicitur
842 625 1035 667 dilectus.
1085 626 1293 677 iuniores,
1327 641 1423 668 cum
1455 627 1546 668 sine
1574 642 1668 681 pro·
1696 639 1715 670 7

103 685 327 726 vocatione
360 685 585 739 imperium
626 686 757 739 esset,
796 684 849 725 ad
881 684 1058 726 nomina
1090 686 1363 739 respondent.
1425 687 1668 742 legionibus

102 744 272 798 scriptis
302 744 413 785 inter
434 759 478 785 se
505 744 734 785 decemviri
759 746 1023 798 comparant,
1050 759 1156 799 quos
1188 745 1249 786 ire
1276 745 1329 786 ad
1358 746 1529 798 bellum,
1563 761 1668 801 quos

99 817 297 858 praeesse
331 803 586 845 exercitibus
608 806 837 857 oporteret.
873 804 1089 859 principes
1118 804 1231 846 inter
1258 805 1519 847 decemviros
1547 808 1670 847 erant
1696 817 1716 848 8

102 861 150 911 Q.
182 862 342 904 Fabius
381 865 424 904 et
468 863 548 918 Ap.
581 861 800 906 Claudius.

864 863 1025 904 bellum
1075 863 1192 904 domi
1224 865 1361 906 maius
1396 880 1526 920 quam
1563 865 1669 906 foris

104 923 351 976 apparebat.
396 921 514 989 Appi
539 922 791 964 violentiam
816 922 1025 977 aptiorem
1047 923 1130 964 rati
1157 923 1210 965 ad
1230 924 1574 979 comprimendos
1602 939 1671 965 ur-

100 981 235 1023 banos
274 984 428 1023 motus.
481 982 527 1023 in
558 981 693 1023 Fabio
727 982 868 1023 minus
900 982 945 1023 in
971 982 1085 1024 bono
1119 986 1321 1024 constans
1355 999 1485 1039 quam
1511 998 1670 1025 navum

99 1056 144 1082 m
181 1042 350 1083 mallssla
375 1054 598 1096 lngenlum
638 1055 741 1083 OSSO.
802 1041 916 1083 hunc
955 1057 1068 1083 enlm
1106 1043 1245 1084 Vlrllm
1301 1057 1525 1084 ΘΟΥΘΟῚΠΙΠ
1566 1044 1669 1085 Ohm
1696 1055 1716 1086 9

1252 1077 1262 1097 7
1326 1079 1352 1098 ὃ
1406 1079 1431 1098 0

99 1100 216 1142 domi
247 1101 530 1156 militiaeque,
564 1101 871 1143 decemviratus
904 1102 1179 1157 collegaeque
1207 1103 1269 1143 ita
1302 1106 1586 1157 mutaverant,
1620 1105 1669 1144 ut

98 1159 216 1214 Appi
244 1175 370 1215 quam
398 1161 464 1201 sui
491 1160 644 1202 similis
672 1161 822 1202 mallet
847 1175 952 1202 esse.
995 1161 1094 1202 huic
1121 1162 1281 1203 bellum
1314 1162 1358 1203 in
1385 1160 1570 1216 Sabinis,
1597 1161 1667 1204 M⁷.

99 1218 308 1261 Rabuleio
347 1222 390 1260 et
423 1219 470 1268 Q.
503 1219 687 1262 Poetilio
728 1220 882 1261 additis
921 1220 1116 1275 collegis,
1155 1221 1414 1262 mandatum.

98 1279 236 1320 nelius
275 1279 320 1320 in
358 1279 564 1333 Algidum
603 1280 760 1320 missus
800 1294 896 1321 cum
934 1279 979 1321 L.
1017 1279 1208 1321 Minucio
1254 1284 1297 1322 et
1328 1280 1375 1327 T.
1395 1280 1588 1323 Antonio
1625 1284 1668 1323 et

98 1337 150 1379 K.
170 1337 332 1380 Duillio
366 1341 408 1379 et
426 1337 483 1380 M.
510 1337 675 1394 Sergio.
727 1338 795 1393 Sp.
817 1338 1002 1394 Oppium
1029 1340 1109 1393 Ap.
1130 1338 1314 1382 Claudio
1347 1341 1587 1382 adiutorem
1615 1341 1669 1383 ad

98 1398 247 1439 urbem
264 1398 471 1439 tuendam
492 1413 627 1453 aequo
649 1399 841 1440 omnium
862 1399 1200 1440 decemvirorum
1219 1400 1401 1455 imperio
1422 1399 1668 1442 decernunt.

216 1456 370 1499 Nihilo
391 1457 571 1499 militiae
599 1473 727 1513 quam
755 1459 871 1500 domi
893 1458 1046 1500 melius
1074 1473 1142 1500 res
1163 1459 1337 1514 publica
1363 1459 1666 1502 administrata
1680 1462 1739 1504 42

98 1519 175 1559 est.
218 1517 295 1558 illa
327 1517 453 1559 modo
480 1518 526 1558 in
553 1517 730 1559 ducibus
758 1518 896 1572 culpa,
930 1518 1061 1573 quod,
1099 1521 1148 1560 ut
1179 1519 1278 1561 odio
1312 1523 1457 1561 essent
1488 1520 1666 1573 civibus,
1694 1533 1713 1563 2

100 1575 311 1631 fecerant3
346 1576 432 1618 alia
470 1577 608 1619 omnis
647 1592 778 1632 penes
811 1578 971 1619 milites
1009 1578 1139 1619 noxia
1177 1582 1290 1633 erat,
1335 1579 1425 1634 qui,
1468 1594 1521 1621 ne
1560 1580 1662 1635 quid

99 1668 150 1704 ist
174 1669 319 1704 unklar.
370 1669 696 1704 Wahrscheinlich
721 1670 847 1705 wurde

97 1727 174 1751 nun
208 1716 273 1751 der
303 1717 448 1761 Antrag
484 1717 549 1752 des
581 1716 619 1751 L.
654 1717 846 1753 Cornelius

97 1765 453 1846 ἓῖῗὲΠὲξὲωέἓὲὴΐ)
462 1764 538 1846 (ιῖἶῗ
557 1765 848 1847 335335332‘233

98 1859 573 1904 vertagen(Kap.40,14)‚
600 1859 638 1904 b)
660 1860 741 1894 eine
756 1862 846 1895 Aus-

98 1907 250 1952 hebung
266 1919 310 1941 zu
321 1887 690 1953 veranstalteiifflap
703 1910 845 1953 40,14).

147 1957 179 1988 5.
207 1955 414 1990 consulares
446 1955 600 2002 quoque]
636 1956 741 1990 nicht
778 1967 846 1990 nur

99 2001 160 2037 die
185 2002 349 2037 iuniores
368 2005 530 2047 patrum.

145 2050 232 2086 ab..
249 2049 364 2096 .odio]
393 2050 476 2094 Vgl.
505 2062 549 2084 zu
574 2049 666 2094 Kap.
696 2054 751 2094 15,
780 2054 809 2085 7.

143 2097 345 2143 voluntate]
383 2096 604 2141 ‘freiwillig'
611 2125 619 2140 ‚
654 2097 759 2133 nicht
790 2098 844 2133 in-

97 2144 198 2190 folge
225 2144 323 2180 eines
350 2144 729 2181 Senatsbeschlusses.

143 2193 290 2228 invidia
316 2193 452 2239 eorum]
482 2204 548 2228 aus
575 2192 750 2237 Unwille‚
777 2194 843 2228 Er-

99 2239 292 2284 bitterung
316 2250 439 2285 gegen
464 2241 527 2276 sie.

146 2291 177 2322 6.
216 2288 294 2322 sine
323 2289 502 2332 populari
539 2288 710 2334 strepitu]
747 2288 844 2324 ohne

96 2333 316 2379 Aufregung
348 2335 412 2369 des
439 2335 596 2379 Volkes,
636 2337 732 2371 ohne
768 2334 844 2371 dass

98 2380 322 2426 Giinstlinge
348 2382 412 2416 des
437 2381 575 2417 Volkes
602 2382 763 2418 dai-siber
783 2384 844 2419 ein

98 2428 275 2464 Geschrei
302 2428 476 2464 erhoben.

147 2480 177 2512 7.
198 2476 359 2522 silentio]
373 2475 568 2511 Nachdem
583 2476 844 2513 derBesehluss

96 2522 231 2569 gefasst
255 2525 331 2558 und
357 2524 416 2560 die
431 2523 587 2569 Sitzung
606 2525 845 2569 geschlossen

97 2583 192 2616 war,
224 2571 312 2606 kam
347 2582 384 2606 es
416 2572 486 2606 den
513 2571 706 2606 einzelnen
734 2572 846 2608 Sena-

98 2620 205 2654 toren
216 2619 320 2654 nicht
335 2630 391 2663 zu,
409 2630 530 2664 gegen
544 2618 603 2654 die
619 2620 846 2665 Aushebung

99 2666 328 2711 Einsprache
356 2667 592 2712 einzulegen,
617 2667 693 2701 und
719 2665 846 2702 liessen

98 2714 150 2748 sie
169 2714 333 2749 dieselbe
348 2714 668 2759 stillschweigend
682 2726 747 2750 vor
765 2715 846 2750 sich

98 2761 229 2806 gehen.

144 2810 311 2856 nomina]
338 2809 641 2845 Namensaufruf.

147 2867 235 2901 quos
258 2858 312 2892 ire
337 2858 386 2892 ad
409 2858 552 2901 bellum,
578 2867 666 2902 quos
685 2867 846 2899 praeesse

98 2905 315 2939 exercitibus
325 2904 517 2951 oporteret]
530 2904 590 2940 Sie
606 2905 764 2940 macheu
778 2916 843 2940 aus

921 1672 956 1714 a)
995 1682 1071 1706 wer
1101 1671 1141 1706 in
1179 1671 1251 1706 den
1281 1671 1398 1717 Krieg
1430 1671 1560 1707 ziehen
1592 1673 1668 1708 und

919 1728 996 1752 wer
1020 1718 1060 1753 in
1085 1719 1180 1753 Rom
1209 1719 1355 1754 bleiben
1379 1719 1490 1763 selle,
1516 1720 1555 1765 b)
1581 1721 1668 1755 wel-

921 1766 1015 1800 chen
1041 1777 1114 1801 von
1140 1766 1212 1801 den
1234 1767 1517 1803 Ausziehenden
1536 1768 1576 1803 in
1596 1768 1668 1803 den

919 1812 1054 1848 beiden
1085 1813 1249 1859 Kriegen
1283 1815 1349 1850 das
1382 1815 1529 1850 oberste
1555 1816 1666 1850 Kom-

919 1861 1056 1896 mando
1071 1863 1251 1896 zustehen
1266 1862 1360 1897 solle
1382 1863 1559 1905 (n'amlich
1580 1864 1666 1898 dem

919 1907 1054 1943 Fabius
1081 1913 1100 1951 ξ
1123 1913 1142 1943 9
1169 1910 1246 1943 und
1273 1908 1465 1945 Cornelius
1491 1914 1511 1953 ξ
1534 1915 1603 1956 10).

967 1959 1000 1992 8.
1026 1956 1119 2002 rati]
1146 1957 1226 1992 scil.
1251 1962 1350 1993 sunt.

966 2004 1008 2038 in
1027 2003 1151 2039 Fabio
1166 2004 1252 2050 etc]
1290 2005 1344 2039 ‘R
1360 2005 1480 2049 zeigte
1501 2005 1669 2051 weniger

919 2051 1001 2086 eine
1034 2052 1086 2085 im
1113 2051 1236 2087 Guten
1268 2052 1502 2088 beharrliche
1541 2054 1595 2088 als
1629 2053 1667 2088 in

918 2099 983 2134 der
1022 2099 1323 2145 Schlechtigkeit
1360 2100 1491 2145 eifrige
1536 2100 1667 2136 Gesin-

917 2147 1054 2191 hung-’3
1093 2147 1126 2183 d.
1160 2147 1195 2182 h.
1226 2159 1264 2182 er
1295 2159 1372 2183 war
1404 2148 1537 2183 immet·
1571 2150 1666 2184 noch

917 2194 1059 2239 thatig‚
1086 2195 1155 2229 wie
1175 2194 1313 2239 friiher‚
1339 2196 1430 2231 aber
1445 2196 1542 2241 jetzt
1561 2197 1668 2231 mehr

916 2242 969 2276 im
984 2242 1219 2287 Schlechten‚
1240 2243 1293 2278 als
1308 2242 1361 2278 im
1379 2243 1510 2279 Guten.
1541 2245 1666 2279 Daher

917 2290 1023 2325 hatte
1050 2301 1089 2325 er
1114 2289 1236 2325 nichts
1263 2291 1443 2336 dagegen‚
1477 2289 1553 2326 dass
1580 2304 1667 2327 man

917 2337 988 2371 den
1000 2338 1143 2382 Appius
1164 2337 1202 2372 in
1229 2338 1294 2372 der
1316 2338 1425 2375 Stadt
1443 2340 1539 2374 nach
1556 2339 1666 2374 Will-

916 2384 986 2419 kur
1012 2385 1150 2420 walten
1176 2383 1287 2420 liesse.

966 2436 1020 2467 10.
1054 2443 1167 2477 aequo
1198 2434 1359 2468 omnium
1384 2434 1665 2469 decemvirorum

916 2480 1085 2561 ἵζ’ἒξεγζΐέ
1113 2479 1340 2562 ἕῗὲἓῗεέἓὲἓ
1364 2480 1665 2564 ἶῗὲέῖρὲᾆῗὲοῗ

919 2574 1106 2618 gelassen,
1145 2586 1185 2609 so
1217 2577 1315 2610 w'are
1348 2586 1388 2610 er
1423 2575 1539 2611 durch
1565 2576 1665 2611 seine

920 2620 1243 2666 Selbstandigkeit
1261 2621 1334 2657 den
1352 2622 1536 2668 Kollegen
1556 2624 1664 2658 fiber-

918 2668 1028 2713 legen
1044 2680 1224 2714 gewesen.
1245 2668 1370 2704 Daher
1380 2671 1453 2715 gab
1467 2682 1553 2705 man
1568 2672 1666 2706 auch

919 2715 998 2750 ihm
1018 2715 1126 2750 einen
1147 2715 1343 2760 Gehulfen,
1360 2729 1425 2753 um
1438 2717 1499 2752 die
1515 2718 1665 2754 Gleich-

919 2763 1194 2816 berechtigung
1220 2764 1313 2799 aller
1338 2777 1383 2799 zu
1408 2766 1574 2810 wahren,
1609 2777 1665 2801 so-

918 2809 1008 2845 weit
1051 2822 1089 2845 es
1134 2813 1242 2846 unter
1286 2812 1358 2847 den
1400 2813 1667 2849 vorhandenen

918 2857 1148 2893 Umstanden
1173 2862 1234 2893 m&
1237 2859 1339 2904 glich
1362 2871 1448 2895 war.

965 2904 1027 2940 42.
1049 2909 1082 2941 2.
1107 2907 1223 2942 ‘noxia
1237 2871 1548 2954 {Verschuldung
1569 2909 1664 2944 Feh-

1478 1222 1534 1263 M.
1567 1221 1669 1264 Gor·
1699 1233 1742 1264 10
