1799 3105
691 150 834 184 LIBER
858 150 884 188 Ι.
934 150 1036 187 CAP.
1063 155 1118 186 47.
1602 153 1682 195 135

126 253 230 295 haec
273 266 425 306 parum
461 254 525 293 est
564 252 714 304 animi,
767 252 866 306 quid
915 253 1134 294 frustraris
1175 252 1424 294 civitatem?
1495 254 1595 307 quid
1638 257 1679 295 te

124 312 173 350 ut·
213 309 379 363 regium
423 308 621 349 iuvenem
668 308 856 362 conspici
902 308 1035 350 sinis?
1094 309 1256 350 facesse
1286 309 1386 350 hinc
1422 309 1680 364 Tarquinios

124 367 198 406 aut
235 364 512 415 Corinthum,
558 364 779 406 devolvere
824 368 936 406 retro
981 365 1032 406 ad
1073 366 1271 419 stirpem,
1314 365 1458 406 fratris
1498 367 1678 408 similior

123 435 250 475 quam
288 421 467 475 patris.“
527 420 592 461 his
631 421 807 474 aliisque
836 421 1095 475 increpando
1127 422 1324 462 iuvenem
1355 422 1555 475 instigat,
1597 436 1676 464 nec

121 477 418 531 conquiescere
449 477 541 530 ipsa
571 479 734 531 potest,
772 477 822 528 si,
864 491 958 518 cum
990 477 1220 531 Tanaquil,
1251 478 1479 532 peregrina
1509 478 1675 531 mulier,

121 535 289 575 tantum
320 533 460 574 moliri
490 533 699 586 potuisset
728 533 887 586 animo,
921 536 968 573 u'n
999 533 1079 574 duo
1111 535 1314 575 continua
1343 548 1476 588 regna
1506 535 1597 575 viro
1628 550 1677 575 ac

123 589 322 643 deinceps
352 603 510 644 genero
541 589 742 637 dedisset,
774 590 879 643 ipsa,
911 589 1028 643 regio
1062 591 1221 631 semine
1253 592 1360 643 orta,
1392 590 1559 632 nullum
1588 605 1677 632 mo-

123 648 315 686 mentum
346 647 392 686 in
423 644 561 686 dando
583 644 892 700 adimendoque
913 659 1047 699 regno
1069 645 1241 686 faceret.
1302 646 1369 687 his
1399 647 1675 688 muliebribus

124 702 355 742 instinctus
399 700 523 742 furiis
570 700 826 755 Tarquinius
872 702 1093 743 circumire
1137 704 1178 743 et
1222 716 1422 756 prensare
1461 703 1677 744 minorum

120 757 301 798 maxime
332 757 526 811 gentium
556 760 720 812 patres3
754 758 980 799 admonere
1011 758 1178 811 paterni
1209 758 1406 799 beneficii
1438 773 1489 800 ac
1519 774 1594 813 pro
1626 773 1675 800 eo

119 814 301 868 gratiam
339 816 549 866 repetere3
591 813 771 855 adlicere
812 814 934 855 donis
964 814 1159 868 iuvenes3
1198 828 1292 855 cum
1325 815 1375 855 de
1406 829 1449 856 se
1480 815 1676 870 ingentia

119 870 363 923 pollicendo
395 872 486 910 tum
517 871 630 925 regis
663 871 911 912 criminibus
943 871 1140 911 omnibus
1170 871 1275 912 locis
1298 885 1499 912 creseere.
1559 874 1676 926 posi:-

117 940 254 978 remo,
294 931 343 966 ut
372 926 458 966 iam
488 926 679 980 agendae
709 928 771 967 rei
802 929 971 981 tempus
1002 927 1140 968 visum
1172 930 1255 979 est,
1295 928 1475 981 stipatus
1506 929 1676 983 agmine

119 986 377 1024 armatorum
417 983 462 1023 in
501 982 639 1023 forum
678 983 855 1037 inrupit.
916 983 1015 1024 inde
1056 984 1253 1024 omnibus
1284 984 1488 1037 perculsis
1517 999 1674 1038 pavore

116 1039 163 1079 in
193 1039 312 1093 regia
341 1038 439 1079 sede
469 1053 546 1092 pro
579 1039 696 1080 curia
726 1041 876 1080 sedens
906 1042 1048 1093 patres
1077 1040 1121 1080 in
1144 1040 1305 1081 curiam
1326 1055 1402 1094 per
1419 1054 1675 1094 praeconem

118 1095 171 1135 acl
208 1109 353 1149 regem
383 1094 663 1149 Tarquinium
702 1096 822 1136 citari
860 1096 996 1137 iussit.
1058 1109 1294 1137 convenere
1326 1096 1558 1150 extemplo,
1601 1097 1673 1137 alii

115 1151 200 1191 iam
231 1154 330 1192 ante
362 1151 414 1192 ad
445 1150 526 1192 hoc
556 1152 820 1206 praeparati,
853 1152 926 1193 alii
957 1154 1094 1204 metu,
1135 1167 1188 1193 ne
1219 1167 1307 1193 non
1338 1153 1502 1194 venisse
1534 1152 1672 1194 fraudi

119 1209 250 1259 esset,
289 1207 481 1248 novitate
521 1221 571 1248 ae
609 1208 813 1249 miraculo
853 1209 1027 1249 attoniti
1065 1210 1107 1249 et
1135 1208 1220 1249 iam
1252 1208 1302 1249 de
1341 1208 1487 1250 Servio
1528 1212 1671 1250 actum

115 1263 210 1305 rati.
270 1263 332 1304 ibi
354 1263 610 1318 Tarquinius
641 1264 869 1306 maledicta
901 1265 954 1306 ab
985 1264 1117 1319 stirpe
1148 1265 1299 1305 ultima
1330 1279 1471 1306 orsus:
1503 1279 1672 1307 servum

124 171 156 189 a.
177 164 231 191 Ch.
250 163 397 190 578—534.

929 1411 989 1444 die
1015 1413 1196 1454 armeren,
1224 1410 1286 1444 bei
1311 1410 1377 1445 der
1401 1411 1512 1445 Hand
1537 1411 1675 1446 farsten

115 1419 193 1451 ger,
219 1408 361 1443 welche
386 1408 452 1443 auf
467 1409 553 1442 dich
570 1409 651 1443 ihre
671 1409 859 1454 Hoffnung

930 1457 1139 1499 (prensare)
1182 1455 1256 1489 und
1295 1467 1357 1489 um
1397 1456 1476 1490 ihre
1518 1456 1674 1492 Stimme

115 1453 182 1487 auf
207 1453 410 1498 Befreiung
446 1464 529 1488 von,
554 1453 711 1489 Servius'
747 1454 859 1489 Herr-

115 1497 238 1533 schafc
276 1500 421 1543 gesetzl:
458 1498 593 1533 haben.
634 1520 678 1524 —
718 1501 859 1544 reyium

114 1543 292 1585 iuvenem,
312 1543 466 1588 ‘konigL
484 1543 618 1581 Prinz'.
637 1569 680 1574 —
697 1545 860 1588 conspici

113 1588 201 1630 sin.,
239 1588 316 1623 sich
347 1589 460 1623 sehen
489 1589 631 1632 lassen,
675 1590 858 1634 gewohnl.

112 1634 274 1676 conspici
322 1633 465 1668 auem*
505 1654 549 1659 —
587 1634 723 1677 facesse
761 1636 858 1677 hinc,

113 1679 220 1712 mach
246 1678 333 1713 dich
358 1680 494 1723 davon,
520 1690 551 1716 c.
577 1684 632 1721 48,
651 1680 706 1714 6.*
734 1699 771 1704 —
800 1680 857 1714 de-

111 1723 268 1765 volvere,
295 1723 416 1758 ‘sinke
440 1723 584 1767 hinab’,
610 1724 764 1759 bildlich
788 1736 858 1759 nur

112 1768 194 1802 hier
239 1768 477 1812 gebraucht.*
517 1789 559 1794 —-
600 1769 651 1804 ad
696 1770 858 1813 stirpem,

112 1812 265 1847 Wurzel
289 1830 333 1842 =
357 1813 443 1848 dem
468 1813 760 1848 unscheinbaren
791 1814 857 1849 Ur-

112 1858 312 1937 2553335135
324 1857 555 1938 affixas
565 1859 745 1938 ἶῦθὲῐὲὲὲ
760 1859 858 1939 {⁰¹³

157 1973 189 2005 6.
218 1980 284 2005 nec
315 1971 581 2014 conquiescere,
615 1971 685 2015 vgl.
720 1975 773 2013 30,
802 1975 854 2014 13,

114 2018 153 2048 12
193 2026 259 2050 nec
297 2015 520 2059 conquiesse,
562 2016 673 2051 donec
704 2042 746 2054 ..

110 2060 160 2101 si,
191 2071 218 2097 s.
251 2071 296 2094 zu
321 2071 350 2094 c.
376 2065 431 2102 40,
456 2064 487 2094 2.
514 2079 558 2085 —-
581 2062 681 2105 reyio
709 2062 856 2104 semine,

110 2114 229 2139 semen
251 2121 296 2133 =
320 2105 463 2150 genus*
487 2125 532 2130 ——
555 2110 773 2141 momentum
797 2107 855 2149 fa-

111 2160 206 2192 cere,
235 2149 565 2185 ‘entscheidenden
591 2151 746 2185 Einfluss
771 2163 853 2186 aus-

111 2195 222 2238 iiben,
241 2195 313 2229 den
331 2195 536 2239 Ausschlag
553 2196 724 2240 geben’.*
749 2197 854 2231 Auch

110 2243 328 2274 momentum
345 2250 418 2275 esse
434 2240 495 2282 ad,
512 2241 554 2275 in
566 2241 693 2285 aliquo
711 2242 858 2286 aliquid

112 2285 282 2319 momenti
295 2288 346 2320 est
354 2285 414 2327 ad,
427 2289 647 2321 momentum
658 2287 786 2321 habere
795 2287 857 2322 ad.

161 2354 190 2388 7.
215 2351 452 2386 muliebribus
472 2351 598 2394 furiis,
623 2354 859 2389 muliebribus

115 2395 295 2440 Enallage
333 2396 398 2430 des
429 2397 626 2441 AdJektivs
663 2399 757 2433 stati:
793 2400 857 2434 des

115 2439 296 2483 Genitivs,
323 2441 398 2475 ‘die
422 2441 680 2486 wahnsinnige
701 2443 856 2478 Leiden—

115 2485 236 2519 schaft
266 2486 343 2520 des
378 2485 588 2521 Weibcs'.

635 2487 669 2521 V
696 2488 721 2522 l.
746 2499 776 2522 c.
801 2492 855 2529 57,

116 2534 173 2573 10;
204 2533 235 2572 3,
272 2535 287 2564 1
320 2541 356 2564 u.
388 2533 439 2572 6.,
474 2531 548 2576 und
579 2532 673 2574 gleic
725 2532 860 2567 darauf

107 2575 261 2618 paterni
284 2575 456 2618 beneficii.
503 2576 609 2610 Ahul.
636 2581 690 2618 30,
720 2581 770 2619 13,
799 2582 855 2619 12;

117 2624 169 2662 13,
185 2630 242 2654 wo
257 2619 407 2665 Syphax
425 2619 484 2654 die
499 2621 730 2665 Sophonisbe
744 2622 858 2656 selbst:

113 2664 219 2706 furia
242 2666 368 2700 nennt.
414 2665 558 2700 Anders
574 2665 700 2708 furiae
723 2667 858 2701 sororis

115 2720 144 2743 c.
168 2713 224 2753 48,
249 2714 288 2748 7;
321 2713 374 2752 59,
403 2714 455 2745 13.
502 2710 692 2753 fraternae
715 2715 770 2754 40,
804 2715 854 2753 10,

116 2758 146 2791 1.
170 2774 212 2779 -
233 2765 432 2798 prensare,
463 2757 532 2790 wie
564 2755 623 2789 die
656 2754 856 2791 Bewerber

113 2809 176 2832 um
207 2799 268 2833 ein
297 2799 387 2834 Amt
415 2800 453 2833 in
484 2801 652 2844 spaterer
681 2800 762 2835 Zeit
794 2800 853 2835 die

112 2843 226 2878 ihnen
260 2844 532 2888 begegnenden
563 2845 722 2889 Burger,
759 2845 854 2880 auch

928 1500 1053 1541 baten,
1078 1501 1154 1545 vgl.
1182 1500 1264 1536 Val.
1289 1500 1387 1535 Max.
1415 1506 1446 1544 7,
1474 1505 1507 1544 5,
1534 1506 1553 1535 2
1580 1501 1673 1544 (Na-

927 1546 1017 1587 sica)
1035 1556 1116 1580 eum
1138 1556 1289 1580 manum
1306 1546 1500 1581 cuiusdam
1518 1572 1526 1581 .
1541 1575 1547 1581 .
1575 1558 1673 1582 more

928 1591 1215 1625 candidatorum
1261 1592 1427 1626 tenacius
1472 1593 1673 1635 apprehen-

929 1635 1050 1670 disset.
1101 1635 1189 1670 Hor.
1209 1635 1327 1680 Epist.
1352 1641 1380 1679 1,
1399 1641 1430 1679 6,
1450 1641 1492 1672 50
1511 1642 1675 1679 (nomen-

928 1680 1104 1724 datores).
1153 1681 1232 1717 Liv.
1259 1685 1291 1724 3,
1315 1685 1371 1725 47,
1399 1686 1428 1716 2.
1447 1687 1478 1724 4,
1497 1687 1529 1725 6,
1549 1686 1569 1717 9
1587 1694 1620 1717 u.
1639 1686 1673 1719 ὃ.

927 1725 1053 1758 Daher
1086 1736 1267 1768 prensare
1307 1726 1402 1761 auch
1442 1728 1591 1762 absolut
1629 1744 1673 1756 =

921 1773 1044 1813 petere
1075 1775 1131 1813 39,
1162 1775 1217 1811 41,
1253 1775 1279 1807 1.
1306 1794 1348 1799 —
1372 1772 1557 1807 minorum
1589 1783 1672 1817 ρων

926 1815 1038 1857 tium,
1071 1815 1131 1849 die
1164 1815 1279 1849 sehon
1309 1816 1375 1850 auf
1395 1818 1514 1852 seines
1541 1817 1672 1852 Vaters

927 1858 1027 1894 Seite
1053 1859 1271 1903 gestanden,
1299 1872 1327 1897 ο.
1354 1865 1408 1905 35,
1430 1866 1460 1896 6.
1489 1883 1527 1887 -
1557 1863 1602 1897 de
1623 1873 1670 1900 se.

925 1915 1001 1938 was
1032 1904 1084 1939 sie
1111 1915 1184 1938 von
1209 1905 1285 1938 ihm
1312 1917 1359 1939 zu
1384 1908 1567 1942 erwarten
1591 1907 1672 1942 hat-

925 1950 1000 1984 ten.
1040 1969 1081 1974 ——
1117 1950 1334 1985 criminibus
1369 1952 1481 1996 reyis,
1516 1952 1671 1987 freierer

927 1993 1124 2029 Gebrauch
1141 1995 1205 2029 des
1225 1994 1346 2030 Genit.
1365 1996 1425 2040 obj
1433 2023 1453 2037 .,
1480 1996 1670 2032 ‘Beschul-

926 2039 1136 2083 digungen‚
1176 2039 1372 2075 Vorwt'irfe
1410 2052 1559 2086 gegen
1597 2043 1670 2077 den

924 2084 1100 2130 Konig.’*
1169 2084 1279 2119 Sonst
1335 2086 1552 2121 bezeichnet
1604 2088 1669 2122 der

926 2128 1018 2164 Gen.
1049 2129 1123 2174 obj.
1150 2129 1212 2164 bei
1235 2130 1372 2165 crimen
1396 2131 1468 2166 den
1493 2131 1670 2177 Gegen-

925 2175 1061 2208 stand
1086 2175 1152 2209 der
1176 2174 1490 2221 Besckuldigung.
1522 2197 1555 2201 —
1581 2188 1670 2212 cres-

927 2229 1016 2263 cere,
1039 2231 1069 2255 s.
1091 2231 1135 2253 zu
1154 2230 1182 2254 c.
1198 2223 1254 2262 46,
1270 2224 1300 2254 2.
1322 2241 1365 2245 —
1384 2222 1552 2257 omnibus
1571 2223 1668 2265 locis,

926 2264 1031 2298 nicht
1060 2264 1156 2298 bloss
1180 2265 1241 2299 bei
1271 2265 1344 2299 den
1370 2266 1588 2305 Senatoren.
1638 2272 1669 2311 5,

925 2313 981 2352 25,
1006 2312 1038 2344 4.

972 2358 1004 2388 8.
1031 2355 1224 2398 stipatus*
1243 2375 1284 2380 —
1309 2356 1443 2399 sorum,
1468 2357 1671 2402 eigentlich

927 2399 992 2433 das
1006 2399 1223 2441 Komitium,
1243 2411 1271 2436 c.
1291 2405 1348 2444 36,
1368 2404 1400 2436 5.
1417 2412 1538 2446 —pro
1552 2403 1669 2444 curia,

926 2444 1022 2478 nach
1058 2456 1087 2479 c.
1124 2448 1181 2487 48,
1214 2449 1234 2479 3
1258 2445 1364 2480 nicht
1386 2456 1471 2490 vor,
1510 2447 1670 2482 sondern

926 2499 1035 2523 vorn
1060 2489 1105 2523 in
1136 2489 1201 2523 der
1226 2490 1361 2534 Kurie,
1385 2490 1456 2525 wie
1481 2503 1512 2527 z.
1538 2491 1578 2528 B.
1599 2501 1669 2535 pro

924 2535 1089 2569 rostris*

972 2582 1003 2612 9.
1023 2588 1098 2613 non
1113 2579 1262 2621 venisse,
1282 2579 1342 2613 ein
1358 2579 1503 2623 Begriff
1512 2596 1556 2608 =
1569 2590 1667 2624 weg-

925 2623 1127 2666 geblieben
1157 2635 1203 2657 zu
1227 2624 1315 2658 sein.
1342 2643 1385 2649 ...
1408 2625 1559 2666 fraudi,
1588 2636 1615 2658 s.
1636 2635 1667 2663 c,

927 2671 981 2709 24,
1006 2672 1037 2702 5.
1063 2687 1103 2692 --
1127 2669 1289 2703 novitate
1312 2679 1356 2703 ac
1380 2669 1569 2712 miraculo,
1597 2681 1668 2705 von

927 2712 1011 2746 dem
1021 2711 1248 2747 unerhorten
1257 2713 1331 2747 und
1346 2713 1547 2757 unbegreif
1548 2714 1667 2750 lichen

925 2756 1139 2800 Vorgange,
1167 2758 1240 2801 vgl.
1265 2768 1294 2792 c.
1320 2761 1374 2799 59,
1400 2760 1452 2792 3.*

974 2805 1023 2837 10.
1070 2802 1115 2836 ab
1144 2803 1258 2846 stirpe
1286 2803 1442 2845 ultima,
1483 2813 1555 2838 von
1601 2804 1668 2839 der

925 2845 1113 2880 frfihesten
1127 2847 1399 2891 Abstammung
1412 2849 1559 2892 an=gl
1568 2849 1669 2884 eioh

1701 1277 1743 1308 10
