1799 3105
78 1226 138 1262 492

152 173 230 214 138

665 170 809 205 LIBER
834 171 860 206 I.
910 169 1012 205 CAP.
1037 174 1092 206 48.
1117 175 1170 208 49.

1457 191 1484 210 a.
1506 191 1533 210 ιι.
1553 184 1701 212 220—244.

148 273 243 324 fuit,
277 272 465 313 flectenti
497 274 744 325 carpentum
777 272 927 312 dextra
947 271 992 311 in
1014 269 1194 312 Urbium
1216 271 1380 324 clivum,
1414 273 1525 314 utin
1547 271 1699 314 collem

148 327 436 383 Esquiliarum
478 327 747 379 eveheretur,
787 327 944 368 restitit
973 327 1150 380 pavidus
1183 330 1309 381 atque
1340 327 1530 369 inhibuit
1558 331 1700 370 frenos

148 386 205 437 is,
244 385 315 439 qui
352 385 540 425 iumenta
582 384 752 437 agebat,
793 383 1086 436 iacentemque
1117 383 1315 424 dominae
1347 382 1539 425 Servium
1569 384 1700 426 truci-

110 450 127 480 7
155 441 296 481 datum
337 440 534 481 ostendit.

595 439 765 480 foedum
805 439 1170 492 inhumanumque
1207 438 1306 480 inde
1336 439 1521 481 traditur
1549 440 1700 494 scelus,

149 500 509 549 monumentoque
541 494 656 536 locus
688 498 771 536 est:
805 494 1064 536 Sceleratum
1090 495 1229 536 vicum
1251 498 1419 548 vocant,
1451 509 1533 550 quo
1555 509 1700 537 amens

149 552 413 607 agitantibus
452 551 574 591 furiis
615 552 770 592 sororis
802 564 849 591 ac
880 551 961 591 viri
991 550 1131 591 Tullia
1159 565 1235 604 per
1266 552 1398 605 patris
1428 564 1582 605 corpus
1614 565 1700 593 car—

150 612 329 662 pentum
368 608 504 661 egisse
542 606 677 648 fertur
714 610 961 660 partemque
993 607 1217 660 sanguinis
1249 621 1298 648 ac
1329 606 1469 648 caedis
1498 610 1700 661 paternae

151 667 327 705 cruento
379 663 595 715 vehiculo,
647 663 938 704 contaminata
980 662 1074 716 ipsa
1113 677 1406 717 respersaque,
1455 663 1604 704 tulisse
1646 663 1700 705 ad

149 724 325 774 penates
368 733 463 760 suos
504 719 667 772 virique
705 719 790 772 sui,
831 718 981 773 quibus
1018 719 1137 759 iratis
1175 719 1287 760 malo
1327 720 1452 774 regni
1487 719 1699 773 principio

150 776 308 816 similes
338 789 470 829 prope
502 775 611 816 diem
643 775 780 816 exitus
812 776 1101 828 sequerentur.

265 831 436 873 Servius
473 831 638 872 Tullius
683 831 880 885 regnavit
923 844 1057 871 annos
1102 832 1303 884 quattuor
1338 833 1379 871 et
1416 829 1702 885 quadraginta

149 888 225 936 ita,
260 891 307 928 ut
338 888 448 928 bono
482 887 608 928 etiam
641 887 938 940 moderatoque
969 886 1211 927 succedenti
1242 886 1332 940 regi
1355 885 1540 927 difficilis
1562 900 1701 928 aemu-

151 945 255 985 latio
288 946 410 985 esset.

104 1008 125 1038 9
150 999 223 1040 illo
261 999 385 1040 simul
423 1000 533 1040 iusta
572 1013 620 1039 ac
659 999 850 1052 legitima
885 1011 1018 1052 regna
1055 997 1311 1041 occiderunt.

472 946 660 983 ceterum
690 942 731 983 id
763 957 928 996 quoque
959 943 1012 982 ad
1043 942 1224 996 gloriam
1247 942 1436 992 accessit,
1467 942 1582 996 quod
1605 956 1701 984 cum

1371 998 1413 1038 id
1442 997 1584 1052 ipsum
1613 1001 1700 1040 tam

147 1056 249 1096 mite
281 1069 329 1096 ac
360 1058 448 1095 tam
478 1054 741 1095 moderatum
766 1054 990 1107 imperium
1015 1056 1172 1104 tamen,
1205 1053 1303 1107 quia
1328 1053 1453 1094 unius
1480 1057 1601 1108 esset,
1634 1054 1702 1095 de-

148 1125 306 1165 ponere
339 1125 433 1151 eum
463 1111 508 1151 in
539 1111 681 1151 animo
713 1110 909 1151 habuisse
940 1109 1108 1164 quidam
1130 1114 1321 1150 auctores
1345 1111 1457 1160 sunt,
1488 1111 1534 1150 ni
1564 1110 1701 1151 scelus

148 1167 396 1208 intestinum
428 1166 671 1207 liberandae
703 1166 865 1220 patriae
897 1165 1076 1207 consilia
1105 1165 1287 1221 agitanti
1317 1165 1628 1207 intervenisset.
1662 1181 1668 1186 ·

262 1223 366 1264 Inde
388 1222 434 1263 L.
458 1221 710 1276 Tarquinius
742 1235 920 1277 regnare
953 1222 1130 1276 occepit,
1162 1222 1228 1262 cui
1250 1220 1440 1275 Superbo
1463 1235 1701 1276 cognomen

148 1335 200 1368 sie
221 1363 227 1368 .
249 1340 270 1366 .’
291 1350 334 1362 =
351 1335 490 1377 flectere
513 1333 655 1368 iubenti
672 1333 759 1377 (vgl.
777 1334 894 1367 unten

148 1379 296 1457 {5²⁸2ss
311 1378 768 1458 abfflssegrlgsissfieffdjiff·
794 1377 891 1456 ἓξὲξ

149 1471 178 1507 6,
206 1473 270 1504 605
289 1435 480 1511 ffigcorpus
504 1471 545 1501 ut
570 1467 757 1511 adspexit,
784 1467 894 1502 lacri-

147 1513 216 1547 mis
241 1514 373 1557 auriya
392 1512 560 1556 profusis
575 1512 739 1547 Restitit.
778 1512 892 1546 Hunc

148 1558 217 1592 tali
241 1558 392 1602 corripit
416 1557 483 1592 illa
507 1566 593 1591 sono
617 1585 623 1591 .
645 1586 652 1592 .
669 1583 676 1590 .
694 1577 736 1581 —
759 1556 892 1591 Urbius

147 1603 261 1637 seben
293 1603 415 1646 emige
454 1602 506 1636 als
540 1601 677 1636 andere
702 1601 811 1635 Form
843 1612 891 1635 an

148 1647 206 1681 fiir
239 1647 412 1689 Virbius;
449 1646 527 1681 dies
562 1657 638 1681 war
675 1646 741 1680 der
772 1645 890 1680 Name

149 1692 249 1726 eines
276 1692 479 1726 aricischen
505 1691 679 1732 Damone,
707 1690 779 1725 den
803 1701 891 1725 man

151 1737 204 1770 als
229 1736 414 1771 identisch
438 1736 508 1770 mit
533 1735 617 1770 dem
635 1735 774 1779 griech.
794 1735 890 1778 Hip-

146 1782 294 1827 polytus
319 1781 477 1817 ansieht.
518 1779 630 1825 Verg.
657 1785 687 1821 7,
714 1784 775 1815 761
794 1779 830 1817 ff.
849 1800 892 1804 —

147 1827 301 1870 restitit,
347 1826 580 1860 widersetzte
622 1825 718 1869 sich,
767 1824 892 1860 wollte

148 1872 251 1905 nicht
275 1871 414 1913 weiter,
440 1874 470 1911 6,
498 1875 528 1911 7,
554 1874 586 1905 2.

195 1920 223 1949 7.
250 1916 353 1958 inde,
392 1916 481 1953 ‘daz
520 1935 560 1939 —
592 1917 893 1958 monumentoque

147 1960 248 1995 locus
287 1964 353 2002 est,
397 1961 480 1994 ‘der
517 1959 584 1994 Ort
620 1959 724 1993 client
760 1958 892 1999 (durch

148 2005 275 2039 seinen
302 2005 459 2048 Namen)
487 2005 551 2039 der
576 2003 675 2038 That
699 2003 752 2038 als
770 2003 891 2038 Denk-

148 2049 234 2091 mal,
249 2049 371 2083 erh'alt
385 2050 450 2084 das
463 2048 668 2083 Andenken
683 2047 890 2091 derselben,

149 2097 189 2135 (s.
215 2105 244 2128 c.
271 2098 324 2134 45,
352 2098 398 2137 4).
438 2094 545 2128 Denn
570 2093 802 2137 (Asyndeton
828 2104 889 2128 ex-

148 2138 285 2182 plicat„
312 2151 337 2175 s.
363 2151 406 2173 zu
433 2150 461 2173 c.
480 2143 511 2181 2,
531 2140 566 2180 2)
591 2148 677 2172 man
694 2138 809 2171 nennt
825 2138 890 2172 ihn

149 2182 236 2224 (den
284 2183 463 2218 hochsten
502 2182 628 2216 Punkt
674 2182 737 2216 des
779 2182 890 2217 Vicus

149 2227 319 2270 Cyprius)
360 2228 554 2262 sceleratus
592 2227 720 2261 vicus⁷.
783 2226 889 2264 Ovid.

148 2271 245 2306 Fast.
271 2275 302 2313 6,
330 2275 393 2306 609
412 2273 532 2306 dietus
548 2271 744 2306 sceleratus
761 2272 805 2305 ab
822 2272 890 2306 illa

154 2315 264 2350 Vicus
288 2320 320 2350 et
345 2320 494 2351 aeterna
518 2327 574 2350 res
591 2326 633 2350 ea
645 2325 773 2358 pressa
788 2320 888 2352 nota.

148 2361 797 2440 ᾖηέἕῆαέἕὲωῆἢζὲἒὴἓῑ8ῗὲἶοῖἷὲ
830 2361 888 2440 {11⁶³

149 2450 344 2484 mordeten
364 2417 614 2484 Verwandtgen
639 2448 721 2492 (wie
742 2449 800 2484 bei
818 2449 889 2484 den

150 2494 332 2529 Griechen
358 2505 429 2529 von
449 2493 623 2538 Ἐρινύες
640 2494 795 2538 πατρός,
823 2508 889 2539 μη-

149 2537 468 2618 ἶὲέὶἒῃπίῗΐαέὕε
483 2538 889 2626 Εὲἒείἓῐίιῖιῃὲθὲιῗηέτῗξ)

151 2628 226 2671 vgl.
253 2628 383 2662 Aesch.
410 2629 516 2662 Eum.
536 2631 601 2662 369
620 2624 756 2705 οἷ’(ξρων
774 2610 888 2671 λύμα),

151 2672 225 2706 und
251 2672 367 2716 jagen
399 2673 452 2707 sie
484 2683 556 2706 von
582 2672 655 2707 Ver
685 2672 819 2706 rechen
843 2684 888 2705 zu

151 2715 397 2754 Verbrechen,
425 2721 480 2759 39,
500 2722 551 2758 15,
571 2721 591 2751 3
607 2719 734 2758 captas
755 2720 890 2752 mentes

148 2760 246 2794 velut
281 2761 482 2802 furialibus
518 2762 678 2796 stimulis
708 2761 759 2795 ad
788 2771 890 2796 omne

147 2805 263 2838 scelus
293 2809 326 2839 et
355 2807 404 2840 ad
434 2816 573 2840 omnem
597 2805 784 2841 libidinem
808 2816 888 2850 aye-

148 2849 263 2882 rent.*
298 2849 383 2893 Vgl.
411 2861 440 2884 c.
463 2855 517 2892 59,
544 2855 596 2886 13.
615 2861 748 2894 —per,
774 2862 803 2884 s.
820 2854 838 2892 §
856 2854 887 2886 3.

963 1352 1006 1358 —
1017 1335 1164 1376 partem
1179 1333 1376 1377 sanguinis
1388 1343 1432 1368 ac
1444 1332 1577 1374 caedis,
1595 1332 1701 1368 ihren

963 1376 1089 1412 Anteil
1114 1388 1161 1412 an
1186 1377 1270 1411 dem
1294 1377 1356 1412 bei
1373 1377 1458 1412 dem
1475 1377 1603 1411 Morde
1623 1388 1700 1411 ver-

961 1433 1145 1465 gossenen
1169 1421 1278 1457 Blute
1304 1422 1369 1457 des
1395 1421 1541 1456 Vaters.
1560 1445 1602 1449 —
1620 1422 1701 1466 qui-

961 1467 1026 1502 bus
1056 1467 1166 1501 iratis
1190 1493 1198 1500 .
1223 1494 1230 1501 .
1255 1470 1508 1510 sequerentur,
1541 1471 1596 1500 ‘so
1621 1466 1702 1501 dass

961 1511 1076 1546 durch
1102 1511 1208 1546 ihren
1232 1511 1326 1546 Zorn
1349 1541 1356 1548 .
1374 1538 1382 1546 .
1401 1511 1568 1556 erfolgen
1591 1511 1700 1546 sollte

960 1556 1049 1591 oder
1062 1556 1210 1591 musste'
1221 1556 1336 1600 (oder,
1345 1557 1414 1590 mit
1422 1555 1702 1591 etwasanderer

961 1600 1247 1635 Konstruktion:
1284 1601 1397 1636 ‘nach
1426 1601 1504 1635 sich
1528 1600 1698 1643 ziehen’).

960 1666 1002 1670 —
1025 1646 1214 1690 principio
1236 1646 1370 1681 similis
1386 1645 1521 1688 exitus,
1538 1649 1595 1688 40,
1608 1649 1641 1687 8,
1659 1648 1700 1680 16

959 1692 1085 1726 sceleri
1101 1691 1234 1726 similis
1251 1694 1406 1728 eventu&
1421 1710 1461 1715 —
1474 1689 1700 1734 propediem,

961 1735 1042 1770 hier
1067 1737 1143 1770 erst
1166 1735 1262 1769 nach
1286 1739 1329 1770 25
1353 1735 1502 1770 Jahren.

1006 1785 1036 1817 8.
1063 1781 1152 1815 bono
1176 1781 1295 1819 etiam,
1321 1779 1554 1824 geschweige
1579 1779 1701 1814 einem

962 1825 1198 1868 Tarquinius.
1241 1824 1343 1859 Ganz
1368 1824 1517 1859 ahnlich
1541 1828 1595 1867 24,
1621 1827 1653 1866 5,
1680 1827 1698 1858 l

961 1871 1026 1905 vix
1055 1870 1202 1914 quidem
1225 1869 1296 1904 ulli
1326 1870 1416 1904 bono
1445 1869 1701 1913 moderatoque

961 1915 1038 1959 reyi
1066 1915 1192 1957 facilis
1224 1917 1301 1949 erat
1331 1914 1439 1956 favor
1462 1914 1564 1958 apud
1587 1912 1700 1958 Syra·

960 1969 1114 1994 cusanca
1148 1959 1354 1994 succedenti
1388 1961 1514 1994 tantae
1548 1957 1700 1993 caritati

959 2004 1147 2039 Hieronis.
1164 2004 1325 2038 —iusta
1348 2014 1392 2038 ac
1415 2003 1588 2048 legitima,
1615 2002 1699 2037 Ser·

958 2049 1041 2083 vius
1066 2049 1138 2093 gilt
1161 2048 1272 2082 somit
1290 2048 1344 2082 als
1360 2047 1548 2092 legitimer
1563 2046 1698 2092 Konig,

960 2104 988 2128 c.
1014 2097 1072 2135 46,
1100 2099 1128 2135 1,
1152 2093 1374 2135 Tarquinius
1400 2092 1454 2127 als
1477 2092 1697 2136 Usurpator.

1004 2142 1035 2175 9.
1060 2138 1103 2172 id
1126 2138 1247 2181 ipsum
1272 2165 1280 2173 .
1301 2164 1320 2179 .,

959 2211 967 2219 .
993 2209 1001 2217 .
1028 2209 1034 2216 .
1060 2202 1104 2206 —
1135 2182 1224 2225 quia
1253 2182 1367 2216 wnius
1396 2185 1502 2224 esset,
1535 2181 1623 2216 weil
1645 2180 1698 2216 sie

960 2227 1055 2261 eben
1087 2226 1422 2260 Alleinherrschaft
1450 2236 1537 2259 war.
1570 2244 1613 2250 —
1637 2226 1697 2260 in-

959 2271 1142 2312 testinum,
1168 2270 1206 2304 in
1232 2271 1297 2304 der
1321 2269 1509 2305 Familie.*
1556 2269 1633 2304 Vor
1655 2271 1699 2305 ni

960 2315 1257 2350 ..intervenisset
1280 2314 1328 2349 ist
1353 2315 1413 2349 ein
1439 2325 1504 2349 aus
1521 2314 1699 2358 deponere

960 2371 1004 2394 zu
1037 2359 1328 2394 entnehmender
1363 2358 1540 2394 Gedanke
1571 2370 1616 2393 zu
1641 2369 1698 2394 er-

960 2407 1115 2448 ganzen:
1126 2407 1158 2438 et
1167 2404 1438 2447 deposuisset.—-
1446 2404 1698 2439 intervenisset
1767 2447 1774 2450 Δ

960 2449 1156 2493 (hindernd
1175 2448 1406 2483 dazwischen
1418 2448 1606 2492 kommen)
1619 2448 1697 2493 aqi-

958 2494 1068 2533 tanti,
1094 2493 1165 2527 mit
1180 2492 1294 2527 Dativ
1321 2494 1386 2527 der
1403 2493 1571 2534 Person,⁸
1595 2493 1698 2527 sonst

958 2539 1028 2572 mit
1045 2537 1158 2572 Dativ
1183 2537 1249 2571 der
1266 2537 1395 2579 Sache,
1421 2547 1451 2574 c.
1468 2541 1501 2579 6,
1518 2541 1556 2578 43
1583 2540 1637 2580 36,
1661 2541 1695 2579 1;
1761 2570 1764 2574 ,

957 2586 1013 2625 48,
1034 2588 1058 2636 ⁶l
1085 2593 1118 2616 u.
1146 2585 1196 2623 ὅ.,
1229 2581 1319 2616 oder
1342 2581 1494 2616 absolut
1517 2585 1548 2624 2,
1573 2585 1628 2623 23,
1655 2585 1697 2616 10
1764 2603 1771 2611 -

958 2639 994 2661 u.
1022 2638 1054 2660 ο.

958 2670 1124 2707 49-52.
1160 2669 1437 2714 Tarquinius
1462 2668 1712 2714 Superbus,

957 2713 1184 2758 befestigt
1235 2714 1358 2748 seine
1414 2713 1694 2749 Herrschaft.

958 2760 1065 2794 Rom
1100 2758 1210 2792 wird
1241 2758 1393 2802 Haupt
1422 2757 1498 2792 des
1528 2758 1694 2793 latini-

1149 2803 1290 2838 schen
1312 2802 1502 2838 Bundes.

1006 2853 1034 2882 1.
1060 2852 1091 2883 2.
1116 2848 1262 2891 occepit,
1288 2859 1315 2882 s.
1341 2857 1386 2880 zu
1409 2857 1440 2881 c.
1465 2851 1495 2889 7,
1513 2850 1544 2882 6.
1562 2870 1605 2876 -—
1621 2846 1694 2882 Su-

1346 2137 1435 2172 aber
1459 2137 1574 2172 selbst
1598 2135 1698 2171 diese
1768 2135 1777 2138 “
