1799 3105
134 133 158 174 8
697 129 843 164 1111611
869 129 930 164 iv.
976 128 1078 165 CAP.
1106 134 1137 165 3.

1517 144 1699 170 a.u.c.309.

134 242 279 280 tamen
324 239 528 292 maxime,
574 238 687 292 quod
721 238 827 280 adeo
861 241 1028 280 atroces
1061 239 1104 280 in
1136 238 1215 280 has
1247 238 1497 293 rogationes
1528 242 1702 282 nostras

86 306 105 336 3
134 298 271 340 coorti
317 302 428 340 sunt.
474 297 629 352 quibus
675 297 777 352 quid
823 297 939 338 aliud
987 312 1115 352 quam
1157 298 1437 339 admonemus
1477 298 1592 340 cives
1623 312 1702 340 nos

133 371 282 399 eorum
327 371 438 410 esse,
483 361 526 398 et
570 356 605 398 si
647 371 733 398 non
778 355 950 398 easdem
995 371 1097 411 opes
1130 356 1307 412 habere,
1346 357 1525 399 eandem
1556 359 1703 399 tamen

131 416 319 472 patriam
364 415 582 457 incolere‘.>
627 416 765 457 altera
806 414 1037 457 conubium
1079 416 1284 471 petimus,
1334 416 1446 472 quod
1490 416 1702 458 finitumis

132 475 405 530 externisque
448 475 540 516 dari
583 475 694 516 solet
734 499 792 505 —-
836 489 914 516 nos
961 475 1132 530 quidem
1177 475 1417 530 civitatem,
1463 489 1571 531 quae
1605 475 1702 531 plus

84 543 99 572 ἵ
132 549 260 589 quam
294 534 523 576 conubium
558 537 644 589 est,
675 534 876 576 hostibus
911 534 1043 576 etiam
1075 534 1202 576 victis
1230 534 1424 576 dedimus
1456 551 1532 590 —3
1564 534 1704 578 altera

131 593 239 634 nihil
279 593 379 635 novi
416 593 614 648 ferimus,
652 594 726 636 sed
758 593 820 649 id,
853 593 967 649 quod
998 594 1150 648 populi
1190 597 1273 649 est,
1298 593 1535 649 repetimus
1574 596 1703 650 atque

131 667 412 708 usurpamus,
432 655 499 708 ut,
519 653 676 708 quibus
703 653 829 708 velit,
848 653 1034 708 populus
1055 652 1275 695 Romanus
1303 653 1488 695 honores
1516 653 1703 696 mandet.

94 720 102 748 '1
131 711 232 766 quid
271 712 445 753 tandem
490 716 573 767 est,
617 727 690 754 cur
735 712 898 754 caelum
942 726 990 753 ac
1022 715 1160 754 terras
1192 713 1420 767 misceant,
1452 727 1528 754 cur
1558 712 1604 754 in
1634 727 1702 754 me

130 771 320 826 impetus
354 771 481 835 mpgo
514 786 651 827 paene
682 772 727 813 in
761 775 914 812 senatu
947 772 1005 812 sit
1037 771 1178 814 factus
1190 806 1198 827 ,
1230 775 1392 827 negent
1424 787 1468 814 se
1501 771 1702 814 manibus

129 832 449 886 temperaturos
465 831 790 886 violaturosque
806 831 1062 872 denuntient
1077 836 1395 873 sacrosanctam
1410 831 1703 886 potestatem?

84 897 100 906 ”
130 890 166 931 si
198 890 360 944 populo
392 889 588 932 Romano
622 890 806 932 liberum
840 890 1095 945 suffragium
1129 889 1274 945 datur,
1307 894 1367 945 ut,
1401 890 1556 945 quibus
1584 890 1703 944 velit,

129 949 402 990 consulatum
449 949 640 1004 mandet,
686 953 728 991 et
770 963 855 991 non
900 949 1163 1004 praeciditur
1194 965 1292 1005 spes
1325 950 1493 1005 plebeio
1521 963 1704 1005 quoque,

130 1008 166 1049 si
199 1008 353 1063 dignus
389 1023 557 1050 summo
589 1009 753 1051 honore
788 1009 889 1064 erit,
921 1009 1141 1064 apiscendi
1174 1009 1333 1050 summi
1359 1008 1554 1059 honoris,
1588 1011 1702 1051 stare

129 1068 231 1108 urbs
265 1068 372 1109 haec
403 1083 488 1109 non
521 1068 712 1122 poterit?
744 1068 793 1109 de
826 1068 1007 1123 imperio
1036 1071 1179 1110 actum
1213 1069 1308 1110 est?
1343 1071 1387 1110 et
1419 1068 1594 1123 perinde
1621 1068 1703 1110 hoc

129 1127 244 1168 valet
281 1127 532 1182 plebeiusne
565 1128 713 1169 consul
746 1128 843 1182 fiat,
883 1130 1107 1182 tamquam
1141 1143 1312 1170 servum
1346 1132 1420 1169 aut
1451 1127 1700 1170 libertinum

177 1247 208 1278 3.
235 1244 368 1288 quibus
392 1244 480 1288 qued
499 1244 605 1279 aliud
630 1255 738 1288 quam
757 1245 879 1279 admo

131 1291 269 1336 nemus]
312 1291 548 1326 rhetorische
583 1291 714 1336 Frage
751 1309 786 1320 =
820 1293 882 1327 sed

129 1339 185 1373 hzs
223 1339 319 1373 nzhil
356 1339 462 1374 ahud
498 1350 607 1383 quam
644 1319 753 1382 aedon„
787 1336 879 1374 ‘und

130 1385 227 1419 doch
255 1385 428 1420 erinnern
456 1385 523 1420 wir
550 1386 666 1420 durch
688 1386 790 1421 (11666
810 1399 880 1421 11111·

130 1433 255 1466 (161611
291 1430 398 1468 dass'.
438 1434 532 1468 nzhz'l
563 1434 669 1469 ahud
700 1445 808 1478 quam
844 1452 880 1463 =

141 1491 218 1519 11111·
265 1478 388 1523 bloss',
417 1480 472 1515 oft
503 1481 565 1515 bei
597 1480 737 1525 Livius,
776 1493 804 1516 2.
839 1482 878 1517 Β.

189 1521 245 1570 39,
274 1532 292 1561 3
320 1532 476 1563 ventrem
501 1529 541 1562 in
568 1529 683 1563 medio
718 1531 879 1573 quzetnm

128 1575 224 1610 ‹f'zzhzz
250 1576 356 1610 cellud
381 1587 487 1620 quam
516 1576 614 1611 datis
631 1577 879 1621 zoluptatz'bus

127 1623 224 1666 firm}
262 1622 301 1656 in
336 1623 598 1657 rhetorisehen
623 1623 769 1668 Fragen
790 1625 879 1668 quid

129 1670 233 1705 aliud
253 1681 361 1714 quam
389 1674 458 1713 (33,
472 1675 526 1713 60,
546 1675 563 1706 7
584 1671 672 1715 quaid
683 1672 777 1706 enim
797 1683 877 1716 (1,(1.

128 1718 350 1752 admonendi
374 1719 506 1761 essetis,
521 1723 579 1753 ut.
595 1745 600 1751 .
616 1720 650 1763 .).

177 1765 321 1811 habere]
345 1765 413 1800 Inf.
437 1746 530 1800 statt
550 1765 875 1810 Konjfiabeamus,

130 1811 211 1846 eine
246 1812 305 1847 bei
340 1812 465 1848 Livius
498 1812 679 1848 zuweilen
705 1814 875 1848 101110111-

130 1860 262 1894 mende
271 1859 545 1895 Konstruktion
552 1860 649 1895 nach
659 1861 741 1895 dem
753 1860 876 1905 Sinne,

130 1907 255 1942 indem
266 1909 403 1944 sinon.
440 1912 582 1943 .tamen
601 1909 649 1953 (ε
659 1920 878 1954 quamquam

173 1955 256 1990 sed
275 1959 395 1990 tamen
411 1955 505 2001 Kap.
522 1959 575 1999 15
589 1958 624 2013 5)
641 1955 710 1990 wie
729 1956 875 1991 beior-cl

130 1982 251 2037 11611016
263 2002 471 2046 Konjunkti
459 1999 602 2048 011611(
609 2014 705 2037 zwar
713 2003 854 2039 nicht..

130 2049 220 2084 uber
247 2048 370 2096 doch)
397 2051 606 2096 gebraucht
631 2051 781 2086 werden
801 2032 876 2086 und

130 2097 226 2130 auch
259 2097 323 2131 der
350 2100 446 2133 erste
474 2097 557 2133 Teil
589 2098 642 2133 als
669 2099 876 2144 Hauptsatz

130 2143 337 2179 behandelt
361 2144 465 2180 wird.

178 2196 210 2226 4
237 2192 367 2237 altera]
397 2192 477 2227 scil.
503 2194 699 2238 royatione.

177 2239 272 2283 quod
409 2240 509 2285 solet]
554 2240 876 2283 Wah1·scheinlich

130 2285 290 2320 bestand
318 2287 433 2321 sehon
460 2299 523 2321 zur
541 2287 624 2322 Zeit
645 2288 709 2322 der
729 2288 876 2334 Konige

131 2332 338 2368 Conubium
364 2333 550 2369 zwischen
570 2335 640 2369 den
666 2335 877 2370 romischen

132 2380 335 2415 Patriziern
375 2381 451 2416 und
492 2382 564 2417 den
608 2382 876 2428 Herrscherge-

131 2428 370 2463 schlechtern
394 2429 433 2463 in
460 2430 531 2464 den
562 2429 876 2466 Latinerst'adten.

178 2486 243 2510 nos
274 2477 432 2522 quidem]
468 2476 577 2511 Sinn:
611 2477 758 2513 Andere
791 2478 875 2513 Vol-

130 2522 196 2557 ker
234 2523 383 2568 pflegen
429 2524 535 2559 ihren
573 2524 775 2559 Nachbarn
811 2526 876 2560 das

131 2569 338 2604 Conubium
363 2583 406 2605 zu
433 2573 638 2615 gestattem
667 2572 733 2606 wir
753 2573 877 2608 haben

131 2617 197 2651 das
229 2618 327 2652 noch
360 2619 594 2654 wertvollere
626 2619 878 2664 Burgerrecht

134 2674 243 2719 fogai
274 2664 470 2710 besiegten
502 2666 669 2701 Feinden
695 2668 875 2711 gewahrt.

132 2710 178 2746 So
212 2711 281 2746 sol]
309 2712 488 2747 Romulus
522 2713 620 2749 viele
647 2713 803 2749 Sabiner
829 2716 875 2759 (1,

134 2762 184 2793 13.
202 2760 249 2803 4),
267 2759 396 2794 Tullus
408 2760 590 2795 Hostilius
607 2761 667 2796 die
680 2761 877 2806 besiegten

131 2787 295 2840 Albaner
321 2808 367 2850 (1,
396 2812 450 2851 30,
481 2811 524 2852 1).
558 2811 682 2843 Asncu
715 2808 876 2844 Marcius

132 2850 227 2886 viele
266 2852 418 2888 Latiner
450 2857 497 2900 (1,
531 2859 586 2899 33
621 2858 655 2900 5)
695 2856 752 2890 ins
785 2860 875 2892 lom.

132 2898 382 2943 Burgerrecht
423 2902 710 2947 aufgenommen
742 2903 876 2939 haben.

1004 1249 1034 1281 5.
1061 1244 1269 1290 repetimus]
1304 1244 1437 1279 Bisher
1466 1244 1600 1279 hatten
1634 1255 1703 1278 nur

955 1291 1136 1327 Patrizier
1180 1292 1245 1327 das
1287 1291 1472 1327 Konsulat
1507 1291 1703 1327 bekleidet

955 1340 1029 1374 und
1057 1339 1222 1375 insofern
1242 1340 1415 1385 verlangt
1435 1340 1501 1374 der
1513 1338 1701 1374 (3166617266-

954 1387 1155 1432 vorschlag
1194 1387 1380 1421 dui-chaus
1418 1388 1533 1422 etwas
1566 1386 1700 1422 Neues.

953 1434 1060 1469 Doch
1099 1434 1246 1469 scheint
1283 1434 1344 1469 bei
1377 1434 1443 1469 der
1473 1433 1702 1479 Errichtung

955 1483 1018 1516 des
1032 1481 1236 1516 Konsulats
1248 1481 1300 1515 im
1319 1482 1350 1517 J.
1367 1486 1436 1517 510
1461 1481 1537 1516 und
1563 1481 1601 1516 in
1629 1481 1700 1516 den

953 1528 1074 1564 Zwolf
1097 1529 1232 1563 Tafeln
1264 1528 1325 1564 die
1351 1529 1465 1563 Wahl
1491 1528 1593 1563 eines
1618 1528 1700 1563 Ple-

953 1576 1075 1621 bejers
1102 1576 1208 1611 nicht
1228 1575 1495 1611 ausdrucklich
1521 1576 1700 1611 vei-boten

956 1625 1107 1659 1101·(1611
1133 1636 1176 1658 211
1204 1624 1294 1660 sein.

1001 1676 1032 1707 6.
1072 1672 1210 1707 eaelum
1241 1683 1284 1706 ac
1315 1676 1431 1707 terras
1453 1672 1524 1729 m.]
1557 1670 1699 1717 sprich-

954 1731 986 1752 11
993 1719 1172 1754 ortlicher
1211 1719 1425 1763 Ausdruck,
1453 1716 1514 1754 H.
1547 1719 1624 1753 und
1656 1718 1698 1753 E

952 1766 990 1801 in
1017 1767 1232 1812 Bewegung
1258 1764 1405 1802 setzen'.

1000 1827 1167 1873 impetus]
1190 1818 1483 1871 Ubertreibung:

952 1873 1035 1908 suln
1067 1874 1198 1909 hatten
1224 1873 1454 1919 Drohungen
1489 1885 1611 1920 gegen
1638 1873 1698 1909 die

952 1920 1141 1956 Tribunen
1155 1921 1572 1967 ausgesprochenfflap.
1583 1926 1614 1966 2,
1628 1923 1697 1967 14).

998 1969 1140 2014 negent]
1175 1969 1253 2004 Auf
1283 1968 1375 2003 zwei
1405 1969 1697 2005 unverbundene

953 2015 1062 2051 Satze
1094 2016 1164 2051 mit
1195 2028 1261 2052 eur
1296 2016 1425 2061 folgen
1461 2016 1552 2051 zwei
1589 2018 1698 2052 unter-

952 2063 1031 2098 sieh
1081 2063 1151 2099 mit
1198 2075 1264 2109 que
1312 2064 1552 2099 verbundene
1600 2063 1696 2098 ohne

950 2110 1249 2156 Wiederholung
1274 2111 1339 2145 des
1366 2122 1440 2147 σαν.

1001 2173 1031 2204 7.
1058 2170 1261 2216 apiscendi]
1277 2188 1312 2199 =
1329 2171 1567 2216 adipiscendi.

952 2216 1117 2261 Simplex
1128 2217 1264 2262 gehort
1272 2218 1336 2252 der
1344 2218 1695 2264 Umgangssprache

951 2275 1012 2308 an,
1040 2265 1157 2299 findet
1182 2265 1262 2299 sich
1287 2265 1349 2300 bei
1376 2265 1453 2301 Liv.
1481 2267 1578 2301 auch
1601 2267 1695 2313 Kap.

952 2316 983 2355 6,
1013 2315 1056 2346 10
1082 2323 1114 2347 11,
1142 2317 1198 2356 44,
1226 2317 1281 2356 25,
1310 2317 1341 2357 2,
1369 2313 1423 2348 oft
1447 2313 1510 2349 bei
1530 2314 1692 2350 Tacitus.

951 2374 1109 2455 4Ostgrej
1126 2369 1335 2416 ‘bestehen,
1357 2370 1586 2417 feststehen'3
1601 2373 1694 2420 Kap.

992 2480 1200 2524 plebeiusne
1230 2480 1356 2515 consul
1382 2481 1463 2527 fiat]
1485 2480 1697 2534 Erklarung

951 2538 995 2560 zu
1014 2527 1096 2570 1100,
1118 2526 1188 2561 mit
1208 2527 1293 2562 dem
1312 2527 1507 2573 Fragwort
1530 2540 1576 2564 ne
1594 2527 1695 2564 beim

950 2573 1230 2619 Hauptbegriff,
1273 2574 1358 2609 weil
1391 2586 1428 2610 es
1472 2576 1552 2611 sich
1589 2575 1696 2610 nieht

949 2621 1110 2666 passend
1142 2632 1186 2656 611
1209 2623 1363 2666 perinde
1388 2623 1477 2658 oder
1506 2624 1572 2659 hoe
1604 2623 1696 2658 oder

949 2669 1043 2704 valet
1061 2668 1304 2704 anschliessen
1323 2668 1411 2706 liess.
1448 2669 1554 2705 Sinn.
1580 2669 1697 2706 Heisst

950 2715 1071 2750 dieses
1083 2714 1312 2761 Verlangen
1321 2716 1381 2751 ein
1396 2716 1568 2762 Plebejer
1583 2721 1694 2763 moge

950 2762 1092 2797 Konsul
1118 2762 1276 2799 werden'
1304 2763 1507 2808 gleichviel
1534 2764 1615 2801 wie.

998 2811 1197 2857 tamquam]
1242 2810 1324 2845 hier
1357 2828 1392 2840 =
1431 2815 1616 2856 tamquam
1650 2813 1692 2849 si.

950 2857 1056 2938 thch
1093 2858 1247 2903 perinde
1294 2857 1393 2903 folgt
1439 2862 1544 2895 sonet
1589 2860 1695 2906 quasi

951 2915 986 2939 o
1003 2916 1041 2940 er
1067 2915 1111 2940 ae
1134 2906 1176 2940 si.

1511 1826 1579 1862 Die
1599 1826 1699 1861 Kon-

1617 2172 1694 2206 Das
