1799 3105
668 112 811 146 LIBER
840 112 899 147 IV.
946 110 1048 148 CAP.
1075 115 1131 148 47.
1158 115 1214 147 48.
1451 126 1721 152 amasae-sss.

164 116 220 159 80

115 230 136 259 3
164 221 384 277 ferumque
418 237 467 264 ex
501 222 589 262 suis
624 235 754 262 unum
787 223 1059 262 cunctantem
1094 221 1258 263 occidit.
1322 223 1468 263 tantus
1502 221 1628 263 ardor
1671 221 1724 264 ad

163 281 451 323 dimicandum
485 281 584 334 fuit,
617 283 664 322 ut
695 280 904 334 impetum
925 280 1065 334 Aequi
1091 294 1177 321 non
1202 280 1396 335 tulerint,
1422 281 1610 336 victique
1636 281 1724 322 acie

164 355 256 381 cum
291 342 393 394 fuga
421 340 555 380 effusa
581 339 792 393 petissent
819 341 977 394 castra,
1005 339 1175 381 brevior
1200 342 1394 393 tempore
1421 343 1464 382 et
1491 339 1724 382 certamine

115 405 137 436 4
165 400 303 440 minor
330 402 567 440 castrorum
595 398 860 453 oppugnatio
887 398 985 452 fuit,
1012 413 1140 453 quam
1167 398 1378 452 proelium
1404 398 1556 440 fuerat.
1589 399 1725 453 captis

162 458 426 512 direptisque
459 457 629 511 castris,
663 472 757 498 cum
796 457 1000 512 praedam
1045 457 1230 499 dictator
1272 457 1402 499 militi
1446 457 1727 500 concessisset

163 517 382 571 secutique
422 516 658 572 fugientem
703 531 751 557 ex
797 516 948 558 castris
992 516 1162 557 hostem
1203 518 1365 571 equites
1409 517 1728 558 renuntiassent

163 590 309 617 omnes
354 575 592 617 Labicanos
626 576 780 630 victos,
820 590 1018 631 magnam
1061 580 1229 630 partem
1261 577 1511 631 Aequorum
1543 575 1725 618 Labicos

116 642 134 672 ὃ
163 634 426 689 confugisse,
457 637 631 689 postero
665 635 731 676 die
765 634 817 675 ad
844 634 1026 677 Labicos
1061 634 1211 676 ductus
1244 635 1473 690 exercitus,
1506 634 1727 690 oppidum-

114 700 134 731 6
163 708 243 748 que
275 708 431 735 corona
464 694 726 736 circumdata
759 694 885 735 scalis
918 697 1092 748 captum
1118 708 1167 736 ac
1193 695 1408 749 direptum
1434 696 1510 736 est.
1543 694 1728 736 dictator

162 754 349 794 exercitu
374 753 537 795 victore
564 753 746 795 Romam
778 753 954 795 reducto
988 754 1054 794 die
1081 755 1251 808 octavo,
1276 768 1404 808 quam
1431 757 1597 795 creatus
1624 756 1729 807 erat,

162 812 420 866 magistratu
454 826 499 853 se
532 812 765 866 abdicavit3
799 814 841 854 et
881 815 1120 867 opportune
1160 815 1352 867 senatus,
1384 812 1635 867 priusquam
1673 811 1727 853 ab

162 871 346 912 tribunis
380 872 496 926 plebi
528 871 724 926 agrariae
757 871 990 913 seditiones
1023 872 1239 913 mentione
1272 871 1410 914 inlata
1441 871 1492 913 de
1519 885 1622 926 agro
1649 870 1727 912 La-

162 930 314 972 bicano
361 931 586 972 dividendo
632 932 798 985 fierent,
839 933 1003 973 censuit
1046 931 1244 985 frequens
1290 930 1501 972 coloniam
1545 929 1728 972 Labicos

163 989 465 1032 deducendam.
527 990 664 1031 coloni
699 991 751 1031 ab
797 991 900 1032 urbe
946 991 1065 1032 mille
1110 993 1153 1032 et
1197 990 1417 1046 quingenti
1464 989 1585 1031 missi
1627 989 1729 1031 bina

163 1049 312 1104 iugera
344 1053 612 1104 acceperunt.

116 1114 135 1145 7
283 1107 432 1163 Captis
464 1108 634 1150 Labicis
667 1123 714 1150 ac
747 1109 897 1150 deinde
930 1108 1114 1151 tribunis
1147 1108 1334 1150 militum
1361 1107 1578 1150 consulari
1609 1110 1730 1162 pote-

165 1169 276 1208 state
310 1167 506 1222 Agrippa
548 1168 745 1210 Menenio
784 1168 950 1209 Lanato
996 1170 1038 1210 et
1077 1166 1121 1209 C.
1155 1166 1338 1209 Servilio
1385 1166 1556 1209 Structo
1602 1169 1646 1209 et
1684 1165 1730 1209 P.

164 1226 361 1268 Lucretio
382 1226 656 1282 Tricipitino,
681 1227 838 1269 iterum
871 1227 1068 1268 omnibus
1100 1226 1185 1279 his,
1213 1230 1255 1268 et
1283 1225 1352 1280 Sp.
1372 1226 1539 1268 Rutilio
1562 1224 1730 1281 Crasso,

116 1292 136 1323 8
165 1289 207 1327 et
238 1286 490 1340 insequente
523 1301 634 1328 anno
670 1288 718 1327 Α.
746 1285 999 1341 Sempronio
1033 1286 1236 1328 Atratino
1268 1286 1443 1327 tertium
1483 1289 1526 1328 et
1564 1285 1730 1328 duobus

164 1345 338 1398 iterum,
373 1344 426 1386 M.
460 1345 632 1400 Papirio
665 1345 888 1400 Mugilano
928 1348 970 1387 et
1011 1344 1082 1400 Sp.
1113 1345 1276 1386 Nautio
1310 1344 1477 1400 Rutilo,
1510 1345 1730 1387 biennium

166 1404 423 1458 tranquillae
445 1407 643 1446 externae
663 1419 749 1459 res,
782 1404 993 1446 discordia
1019 1404 1134 1445 domi
1162 1418 1209 1445 ex
1238 1404 1419 1459 agrariis
1446 1404 1615 1459 legibus
1635 1403 1730 1450 fuit.

92 1462 149 1503 48
284 1463 544 1505 Tui-batores
579 1464 698 1518 vulgi
731 1466 854 1506 erant
887 1462 956 1517 Sp.
988 1463 1211 1504 Maecilius
1246 1466 1445 1517 quartum
1479 1467 1522 1505 et
1551 1464 1615 1506 M.
1641 1462 1729 1505 Me-

118 1528 137 1558 2
165 1521 283 1563 tilius
328 1523 502 1563 tertium
547 1523 710 1564 tribuni
755 1521 909 1577 plebis,
948 1523 1074 1564 ambo
1114 1522 1312 1563 absentes
1353 1523 1495 1564 creati.
1558 1523 1596 1564 ei
1634 1537 1732 1565 cum

164 1581 433 1635 rogationem
467 1583 835 1637 promulgassent,
865 1585 914 1623 ut
947 1596 1048 1637 ager
1081 1596 1131 1623 ex
1163 1581 1362 1622 hostibus
1390 1584 1541 1636 captus
1568 1581 1732 1624 viritim

166 1640 443 1695 divideretur,
490 1655 755 1696 magnaeque
793 1642 929 1695 partis
973 1640 1186 1682 nobilium
1231 1654 1279 1681 eo
1318 1640 1546 1695 plebiscito
1591 1641 1730 1695 publi-

118 1708 136 1739 3
165 1703 362 1741 carentur
404 1700 602 1742 fortunae
646 1725 703 1745 —,—
745 1714 823 1742 nec
866 1700 979 1742 enim
1016 1700 1149 1741 ferme
1192 1699 1419 1754 quicquam
1459 1699 1570 1755 agri,
1602 1702 1650 1741 ut
1687 1700 1730 1742 in

166 1759 268 1801 urbe
315 1759 455 1801 alieno
501 1760 594 1801 solo
640 1760 801 1815 posita,
844 1774 932 1801 non
977 1758 1106 1800 armis
1151 1761 1323 1813 partum
1363 1762 1472 1814 erat,
1510 1773 1588 1801 nec
1620 1760 1733 1814 quod

213 1856 244 1886 4.
272 1862 390 1887 omnes
404 1852 546 1887 scharft
559 1852 629 1887 den
645 1852 851 1897 Gegensatz
870 1864 913 1886 zu

164 1910 333 1944 „laynam
353 1904 505 1944 partem.

212 1947 434 1992 Labicanos]
458 1949 573 1981 erstes
589 1946 748 1992 Subjekt
768 1959 810 1981 zu
831 1959 911 1983 con-

164 1994 309 2039 fayisse.

213 2046 244 2075 5.
283 2053 414 2076 corona
450 2042 690 2088 circumdata]
727 2042 908 2077 nachdem

1034 1851 1086 1885 M.
1114 1851 1282 1897 Papirio]
1310 1850 1393 1896 Vgl.
1417 1850 1506 1896 Kap.
1521 1854 1577 1895 45,
1593 1855 1625 1886 5.

1033 1898 1093 1942 Sp.
1121 1898 1279 1943 Nautio]
1302 1898 1387 1942 Vgl.
1409 1897 1500 1943 Καρ.
1515 1902 1570 1942 44,
1588 1903 1642 1934 13.

1033 1945 1137 1990 Kap.
1176 1945 1235 1980 48.
1299 1945 1387 1980 Das
1423 1945 1731 1991 Ackergesetz

986 1993 1061 2027 des
1089 1992 1155 2036 Sp.
1184 1992 1394 2027 Macilius
1421 1993 1506 2027 und
1532 1993 1580 2027 M.
1601 1992 1730 2028 Meti-

985 2040 1077 2074 lius
1098 2040 1143 2085 (J.
1165 2044 1233 2074 338
1255 2040 1320 2074 der
1341 2039 1465 2082 Stadt3
1487 2044 1555 2075 416
1572 2052 1604 2075 v.
1620 2039 1730 2085 Chr.)

166 2087 247 2122 eine
268 2088 569 2133 'Pr-uppenkette,
591 2089 650 2123 ein
677 2089 823 2124 Cordon
848 2101 910 2123 um

167 2135 218 2168 sie
245 2146 410 2179 gezogen
438 2136 596 2170 worden.
648 2136 740 2182 Kap.
758 2141 809 2180 19,
827 2140 859 2172 8.

214 2186 244 2217 6.
272 2183 329 2217 die
355 2187 495 2225 octavo,
516 2184 637 2229 quam]
661 2202 695 2212 =
714 2185 770 2219 die
791 2188 912 2219 octavo

160 2234 262 2274 post,
288 2241 416 2274 quani,-
442 2240 481 2264 so
514 2242 622 2274 quam
655 2232 698 2265 st.
721 2235 912 2276 postquam

167 2281 198 2319 3,
213 2281 244 2320 8,
260 2281 278 2311 2
309 2289 339 2311 u.
361 2282 416 2319 33,
436 2281 613 2320 1321,15‚
629 2282 648 2312 3
677 2290 709 2312 u.
732 2278 797 2314 oft.

213 2326 382 2370 ayrariae
393 2325 594 2370 seditiones]
611 2325 785 2360 Unruhcn
795 2325 911 2359 durch

168 2371 226 2407 ein
254 2372 511 2417 Ackergesth.

213 2420 356 2465 iuyera]
397 2419 470 2453 Das
508 2420 671 2465 iuyerum
709 2431 786 2454 war
830 2419 911 2454 cinc

166 2467 302 2500 Flache
328 2477 401 2500 von
428 2471 471 2501 75
497 2477 533 2500 m
559 2467 682 2511 Lange
715 2479 749 2503 u.
777 2472 851 2509 37,5
876 2479 912 2501 m

166 2513 302 2549 Breite.
337 2514 433 2548 Zwei
460 2516 585 2559 iuyera
611 2526 733 2550 waren
761 2516 825 2549 das
852 2526 914 2559 ge-

167 2561 307 2605 ringste
340 2561 427 2596 Mass
460 2561 520 2595 bei
546 2561 914 2605 Landanweisungen

170 2609 208 2642 in
235 2608 440 2643 Kolonieen
466 2610 513 2653 (u,
530 2614 584 2653 36,
604 2615 661 2651 ll:v
678 2614 709 2651 8,
726 2614 780 2653 21,
798 2611 867 2654 11).

218 2660 249 2692 7.
276 2657 435 2691 tribunis
467 2657 552 2702 etos]
589 2657 670 2691 Abl.
704 2657 820 2692 absol.
855 2668 917 2690 zur

170 2702 432 2748 Bezeichnung
459 2704 522 2738 des
548 2704 693 2738 Jahres.

217 2751 441 2795 Menenium]
470 2751 554 2795 Vgl.
576 2751 668 2796 Kap.
685 2755 740 2793 44,
760 2755 811 2785 13.

216 2798 275 2841 Sp.
303 2797 460 2843 Rutilio]
482 2798 623 2832 Diodor
649 2801 718 2843 (13,
737 2803 770 2843 7)
798 2799 914 2832 neunt

170 2844 275 2878 daffir
300 2845 359 2889 Sp.
379 2845 556 2880 Veturius.

218 2895 248 2925 8.
277 2893 320 2925 A.
347 2892 569 2937 Sempronio]
598 2892 681 2937 Vgl.
703 2892 866 2937 Kap.35,
883 2895 912 2926 1.

1032 2091 1062 2122 2.
1090 2086 1325 2132 royationem]
1353 2086 1413 2121 Sie
1435 2087 1551 2132 bezog
1569 2087 1646 2122 sich
1669 2088 1736 2122 auf

986 2134 1077 2168 alles
1092 2133 1261 2168 eroberte
1275 2133 1388 2168 Laud.
1423 2133 1600 2169 Dasselbe
1619 2135 1730 2170 sollte

985 2193 1058 2215 nun
1098 2180 1353 2225 gleichmiissig
1396 2191 1443 2215 an
1481 2181 1553 2216 alle
1593 2182 1733 2227 Biirger

985 2227 1136 2263 verteilt
1174 2228 1337 2272 werden,
1387 2228 1561 2264 wahrend
1607 2229 1733 2264 bisher

984 2287 1052 2309 nur
1091 2274 1150 2309 die
1187 2276 1323 2311 nobiles
1368 2278 1416 2320 (=
1451 2277 1618 2321 patricii3
1657 2277 1732 2322 vgl.

985 2323 1075 2367 Kap.
1094 2327 1147 2366 51,
1165 2324 1198 2367 6)
1214 2323 1279 2357 das
1299 2322 1404 2358 nicht
1423 2323 1539 2358 durch
1559 2324 1732 2369 speziene

985 2370 1138 2404 Gesctze
1194 2370 1252 2404 fiir
1296 2370 1466 2415 Plebejer
1520 2371 1733 2406 bestimmte

987 2417 1202 2453 Staatsland
1252 2417 1289 2451 in
1340 2417 1462 2452 Besitz
1511 2429 1733 2462 genommen

985 2466 1126 2501 hatten.

1031 2511 1231 2557 plebiscito]
1271 2512 1336 2546 das
1374 2523 1444 2547 von
1488 2512 1559 2546 den
1599 2512 1733 2548 beiden

988 2559 1177 2594 Tribunen
1197 2559 1434 2604 beantragte,
1456 2559 1614 2594 welches
1636 2559 1733 2594 dann

989 2608 1026 2642 in
1070 2605 1339 2642 Wirklichkeit
1385 2606 1445 2641 nie
1494 2606 1734 2641 beschlossen

989 2653 1126 2689 wurde.

1034 2707 1065 2736 3.
1091 2702 1146 2746 ut]
1175 2700 1240 2735 wie
1267 2711 1304 2735 es
1331 2699 1517 2734 natiirlich
1543 2710 1635 2744 war,
1662 2700 1732 2735 wie

986 2760 1024 2784 es
1050 2748 1156 2782 nicht
1181 2748 1314 2782 anders
1341 2746 1420 2781 sein
1445 2746 1596 2782 konnte.

1033 2796 1150 2830 alieno
1175 2795 1264 2840 solo]
1291 2794 1401 2828 naml.
1422 2793 1474 2828 im
1494 2792 1647 2828 Gebiete
1660 2804 1733 2828 von

987 2843 1084 2877 Alba
1108 2842 1244 2886 Longa.
1288 2840 1395 2875 Doch
1420 2841 1528 2875 stand
1554 2841 1648 2876 Rom
1672 2840 1732 2875 nie

987 2893 1094 2924 unter
1133 2888 1366 2922 albanischer
1398 2887 1631 2932 Herrschaft,
1657 2887 1734 2922 und
