<?xml version="1.0" encoding="UTF-8"?>
<!DOCTYPE html PUBLIC "-//W3C//DTD XHTML 1.0 Transitional//EN"
    "http://www.w3.org/TR/xhtml1/DTD/xhtml1-transitional.dtd">
<html xmlns="http://www.w3.org/1999/xhtml" xml:lang="en" lang="en">
 <head>
  <title>
</title>
<meta http-equiv="Content-Type" content="text/html;charset=utf-8" />
  <meta name='ocr-system' content='tesseract 3.04.00' />
  <meta name='ocr-capabilities' content='ocr_page ocr_carea ocr_par ocr_line ocrx_word'/>
</head>
<body>
  <div class='ocr_page' id='page_1' title='image "./aburbecondita0104livyuoft_0451.png"; bbox 0 0 1799 3105; ppageno 0'>
   <div class='ocr_carea' id='block_1_1' title="bbox 107 82 1675 125">
    <p class='ocr_par' dir='ltr' id='par_1_1' title="bbox 107 82 1675 125">
     <span class='ocr_line' id='line_1_1' title="bbox 107 82 1675 125; baseline -0.004 -3"><span class='ocrx_word' id='word_1_1' title='bbox 107 103 133 122; x_wconf 67' lang='lat' dir='ltr'><strong>a.</strong></span> <span class='ocrx_word' id='word_1_2' title='bbox 153 96 220 122; x_wconf 61' lang='grc' dir='ltr'>ειη.</span> <span class='ocrx_word' id='word_1_3' title='bbox 240 104 270 121; x_wconf 69' lang='lat' dir='ltr'><strong>n.</strong></span> <span class='ocrx_word' id='word_1_4' title='bbox 289 96 351 121; x_wconf 79' lang='lat'><strong>449.</strong></span> <span class='ocrx_word' id='word_1_5' title='bbox 612 83 759 119; x_wconf 76' lang='lat' dir='ltr'>LIBER</span> <span class='ocrx_word' id='word_1_6' title='bbox 784 84 846 119; x_wconf 85' lang='lat'><strong>111.</strong></span> <span class='ocrx_word' id='word_1_7' title='bbox 899 82 1001 119; x_wconf 81' lang='lat' dir='ltr'><strong>CAP.</strong></span> <span class='ocrx_word' id='word_1_8' title='bbox 1027 87 1082 118; x_wconf 82' lang='lat'><strong>47.</strong></span> <span class='ocrx_word' id='word_1_9' title='bbox 1111 87 1167 119; x_wconf 86' lang='lat'>48.</span> <span class='ocrx_word' id='word_1_10' title='bbox 1621 83 1675 125; x_wconf 83' lang='lat'>79</span> 
     </span>
    </p>
   </div>
   <div class='ocr_carea' id='block_1_2' title="bbox 91 192 1746 1855">
    <p class='ocr_par' dir='ltr' id='par_1_2' title="bbox 101 192 1724 1557">
     <span class='ocr_line' id='line_1_2' title="bbox 107 192 1722 248; baseline -0.001 -12"><span class='ocrx_word' id='word_1_11' title='bbox 107 196 354 248; x_wconf 90' lang='lat' dir='ltr'>timeantur,</span> <span class='ocrx_word' id='word_1_12' title='bbox 386 194 534 235; x_wconf 90' lang='lat' dir='ltr'>liberis</span> <span class='ocrx_word' id='word_1_13' title='bbox 568 193 655 235; x_wconf 86' lang='lat' dir='ltr'>suis</span> <span class='ocrx_word' id='word_1_14' title='bbox 689 193 777 235; x_wconf 91' lang='lat' dir='ltr'>sint</span> <span class='ocrx_word' id='word_1_15' title='bbox 807 192 1039 248; x_wconf 71' lang='lat' dir='ltr'>patienda?</span> <span class='ocrx_word' id='word_1_16' title='bbox 1070 192 1176 234; x_wconf 89' lang='lat' dir='ltr'>haec</span> <span class='ocrx_word' id='word_1_17' title='bbox 1206 207 1340 247; x_wconf 86' lang='lat' dir='ltr'>prope</span> <span class='ocrx_word' id='word_1_18' title='bbox 1367 192 1676 234; x_wconf 87' lang='lat' dir='ltr'>contionabun-</span> <span class='ocrx_word' id='word_1_19' title='bbox 1702 204 1722 235; x_wconf 89' lang='lat'><strong>3</strong></span> 
     </span>
     <span class='ocr_line' id='line_1_3' title="bbox 109 251 1676 295; baseline -0.001 0"><span class='ocrx_word' id='word_1_20' title='bbox 109 254 188 295; x_wconf 89' lang='lat' dir='ltr'>dus</span> <span class='ocrx_word' id='word_1_21' title='bbox 233 253 488 295; x_wconf 69' lang='lat' dir='ltr'>circumibat</span> <span class='ocrx_word' id='word_1_22' title='bbox 532 253 740 295; x_wconf 92' lang='lat' dir='ltr'>homines.</span> <span class='ocrx_word' id='word_1_23' title='bbox 803 253 964 294; x_wconf 82' lang='lat' dir='ltr'>similia</span> <span class='ocrx_word' id='word_1_24' title='bbox 1006 253 1074 294; x_wconf 87' lang='lat' dir='ltr'>his</span> <span class='ocrx_word' id='word_1_25' title='bbox 1122 252 1175 293; x_wconf 91' lang='lat' dir='ltr'>ab</span> <span class='ocrx_word' id='word_1_26' title='bbox 1219 251 1342 293; x_wconf 90' lang='lat' dir='ltr'>Icilio</span> <span class='ocrx_word' id='word_1_27' title='bbox 1393 251 1676 294; x_wconf 86' lang='lat' dir='ltr'>iactabantur.</span> 
     </span>
     <span class='ocr_line' id='line_1_4' title="bbox 109 311 1674 367; baseline 0 -13"><span class='ocrx_word' id='word_1_28' title='bbox 109 313 339 355; x_wconf 86' lang='lat' dir='ltr'>comitatus</span> <span class='ocrx_word' id='word_1_29' title='bbox 378 313 599 354; x_wconf 86' lang='lat' dir='ltr'>muliebris</span> <span class='ocrx_word' id='word_1_30' title='bbox 638 313 734 367; x_wconf 85' lang='lat' dir='ltr'>plus</span> <span class='ocrx_word' id='word_1_31' title='bbox 766 313 899 354; x_wconf 88' lang='lat' dir='ltr'>tacito</span> <span class='ocrx_word' id='word_1_32' title='bbox 932 312 1035 353; x_wconf 87' lang='lat' dir='ltr'>fletu</span> <span class='ocrx_word' id='word_1_33' title='bbox 1068 327 1196 367; x_wconf 86' lang='lat' dir='ltr'>quam</span> <span class='ocrx_word' id='word_1_34' title='bbox 1227 311 1316 352; x_wconf 84' lang='lat' dir='ltr'>ulla</span> <span class='ocrx_word' id='word_1_35' title='bbox 1347 325 1430 352; x_wconf 86' lang='lat' dir='ltr'>vox</span> <span class='ocrx_word' id='word_1_36' title='bbox 1463 312 1674 354; x_wconf 85' lang='lat' dir='ltr'>movebat.</span> 
     </span>
     <span class='ocr_line' id='line_1_5' title="bbox 107 370 1724 427; baseline -0.001 -14"><span class='ocrx_word' id='word_1_37' title='bbox 107 372 310 414; x_wconf 85' lang='lat' dir='ltr'>adversus</span> <span class='ocrx_word' id='word_1_38' title='bbox 355 387 462 427; x_wconf 89' lang='lat' dir='ltr'>quae</span> <span class='ocrx_word' id='word_1_39' title='bbox 508 372 654 414; x_wconf 90' lang='lat' dir='ltr'>omnia</span> <span class='ocrx_word' id='word_1_40' title='bbox 698 372 917 413; x_wconf 89' lang='lat' dir='ltr'>obstinato</span> <span class='ocrx_word' id='word_1_41' title='bbox 963 372 1106 412; x_wconf 91' lang='lat' dir='ltr'>animo</span> <span class='ocrx_word' id='word_1_42' title='bbox 1144 370 1313 425; x_wconf 88' lang='lat' dir='ltr'>Appius</span> <span class='ocrx_word' id='word_1_43' title='bbox 1346 394 1402 399; x_wconf 92' lang='lat'>—</span> <span class='ocrx_word' id='word_1_44' title='bbox 1441 372 1567 412; x_wconf 88' lang='lat' dir='ltr'>tanta</span> <span class='ocrx_word' id='word_1_45' title='bbox 1611 371 1675 413; x_wconf 87' lang='lat' dir='ltr'>vis</span> <span class='ocrx_word' id='word_1_46' title='bbox 1702 382 1724 412; x_wconf 77' lang='lat'>4</span> 
     </span>
     <span class='ocr_line' id='line_1_6' title="bbox 111 430 1679 486; baseline -0.001 -13"><span class='ocrx_word' id='word_1_47' title='bbox 111 432 323 473; x_wconf 74' lang='lat' dir='ltr'>amentiae</span> <span class='ocrx_word' id='word_1_48' title='bbox 344 432 485 473; x_wconf 85' lang='lat' dir='ltr'>verius</span> <span class='ocrx_word' id='word_1_49' title='bbox 513 447 642 486; x_wconf 86' lang='lat' dir='ltr'>quam</span> <span class='ocrx_word' id='word_1_50' title='bbox 670 431 829 472; x_wconf 90' lang='lat' dir='ltr'>amoris</span> <span class='ocrx_word' id='word_1_51' title='bbox 856 434 1043 472; x_wconf 89' lang='lat' dir='ltr'>mentem</span> <span class='ocrx_word' id='word_1_52' title='bbox 1069 431 1322 472; x_wconf 84' lang='lat' dir='ltr'>turbaverat</span> <span class='ocrx_word' id='word_1_53' title='bbox 1344 454 1393 459; x_wconf 89' lang='lat'>—</span> <span class='ocrx_word' id='word_1_54' title='bbox 1416 430 1461 471; x_wconf 94' lang='lat' dir='ltr'>in</span> <span class='ocrx_word' id='word_1_55' title='bbox 1485 430 1679 472; x_wconf 89' lang='lat' dir='ltr'>tribunal</span> 
     </span>
     <span class='ocr_line' id='line_1_7' title="bbox 110 490 1678 546; baseline -0.001 -14"><span class='ocrx_word' id='word_1_56' title='bbox 110 491 314 545; x_wconf 91' lang='lat' dir='ltr'>escendit,</span> <span class='ocrx_word' id='word_1_57' title='bbox 347 494 389 532; x_wconf 92' lang='lat' dir='ltr'>et</span> <span class='ocrx_word' id='word_1_58' title='bbox 420 491 535 533; x_wconf 82' lang='lat' dir='ltr'>ultro</span> <span class='ocrx_word' id='word_1_59' title='bbox 569 493 772 546; x_wconf 76' lang='lat' dir='ltr'>querente</span> <span class='ocrx_word' id='word_1_60' title='bbox 803 505 939 544; x_wconf 90' lang='lat' dir='ltr'>pauca</span> <span class='ocrx_word' id='word_1_61' title='bbox 971 490 1166 544; x_wconf 87' lang='lat' dir='ltr'>petitore,</span> <span class='ocrx_word' id='word_1_62' title='bbox 1200 492 1312 545; x_wconf 92' lang='lat' dir='ltr'>quod</span> <span class='ocrx_word' id='word_1_63' title='bbox 1337 491 1404 532; x_wconf 74' lang='lat' dir='ltr'>ius</span> <span class='ocrx_word' id='word_1_64' title='bbox 1430 490 1514 531; x_wconf 85' lang='lat' dir='ltr'>sibi</span> <span class='ocrx_word' id='word_1_65' title='bbox 1540 490 1678 544; x_wconf 88' lang='lat' dir='ltr'>pridie</span> 
     </span>
     <span class='ocr_line' id='line_1_8' title="bbox 106 549 1677 605; baseline -0.001 -13"><span class='ocrx_word' id='word_1_66' title='bbox 106 565 183 605; x_wconf 90' lang='lat' dir='ltr'>per</span> <span class='ocrx_word' id='word_1_67' title='bbox 215 551 495 592; x_wconf 70' lang='lat' dir='ltr'>ambitionem</span> <span class='ocrx_word' id='word_1_68' title='bbox 537 550 699 592; x_wconf 87' lang='lat' dir='ltr'>dictum</span> <span class='ocrx_word' id='word_1_69' title='bbox 730 564 819 591; x_wconf 91' lang='lat' dir='ltr'>non</span> <span class='ocrx_word' id='word_1_70' title='bbox 852 551 981 603; x_wconf 82' lang='lat' dir='ltr'>esset,</span> <span class='ocrx_word' id='word_1_71' title='bbox 1020 549 1270 603; x_wconf 85' lang='lat' dir='ltr'>priusquam</span> <span class='ocrx_word' id='word_1_72' title='bbox 1311 552 1386 591; x_wconf 92' lang='lat' dir='ltr'>aut</span> <span class='ocrx_word' id='word_1_73' title='bbox 1421 550 1494 591; x_wconf 90' lang='grc'>1110</span> <span class='ocrx_word' id='word_1_74' title='bbox 1531 552 1677 604; x_wconf 92' lang='lat' dir='ltr'>postu-</span> 
     </span>
     <span class='ocr_line' id='line_1_9' title="bbox 105 608 1676 665; baseline 0 -14"><span class='ocrx_word' id='word_1_75' title='bbox 105 611 244 651; x_wconf 88' lang='lat' dir='ltr'>latum</span> <span class='ocrx_word' id='word_1_76' title='bbox 269 612 494 665; x_wconf 72' lang='lat' dir='ltr'>perageret</span> <span class='ocrx_word' id='word_1_77' title='bbox 513 611 588 651; x_wconf 89' lang='lat' dir='ltr'>aut</span> <span class='ocrx_word' id='word_1_78' title='bbox 607 609 816 663; x_wconf 87' lang='lat' dir='ltr'>Verginio</span> <span class='ocrx_word' id='word_1_79' title='bbox 839 608 1128 663; x_wconf 87' lang='lat' dir='ltr'>respondendi</span> <span class='ocrx_word' id='word_1_80' title='bbox 1155 608 1329 650; x_wconf 87' lang='lat' dir='ltr'>daretur</span> <span class='ocrx_word' id='word_1_81' title='bbox 1354 609 1486 659; x_wconf 82' lang='lat' dir='ltr'>locus,</span> <span class='ocrx_word' id='word_1_82' title='bbox 1506 609 1676 663; x_wconf 91' lang='lat' dir='ltr'>Appius</span> 
     </span>
     <span class='ocr_line' id='line_1_10' title="bbox 103 668 1722 724; baseline 0 -14"><span class='ocrx_word' id='word_1_83' title='bbox 103 670 345 711; x_wconf 85' lang='lat' dir='ltr'>interfatur.</span> <span class='ocrx_word' id='word_1_84' title='bbox 391 683 516 724; x_wconf 88' lang='lat' dir='ltr'>quem</span> <span class='ocrx_word' id='word_1_85' title='bbox 537 669 706 710; x_wconf 84' lang='lat' dir='ltr'>decreto</span> <span class='ocrx_word' id='word_1_86' title='bbox 728 682 969 710; x_wconf 89' lang='lat' dir='ltr'>sermonem</span> <span class='ocrx_word' id='word_1_87' title='bbox 995 668 1294 722; x_wconf 88' lang='lat' dir='ltr'>praetenderit,</span> <span class='ocrx_word' id='word_1_88' title='bbox 1320 668 1467 710; x_wconf 85' lang='lat' dir='ltr'>forsan</span> <span class='ocrx_word' id='word_1_89' title='bbox 1489 669 1675 723; x_wconf 84' lang='lat' dir='ltr'>aliquem</span> <span class='ocrx_word' id='word_1_90' title='bbox 1702 679 1722 710; x_wconf 86' lang='lat'><strong>5</strong></span> 
     </span>
     <span class='ocr_line' id='line_1_11' title="bbox 103 727 1678 783; baseline 0 -14"><span class='ocrx_word' id='word_1_91' title='bbox 103 743 253 770; x_wconf 87' lang='lat' dir='ltr'>verum</span> <span class='ocrx_word' id='word_1_92' title='bbox 295 731 490 770; x_wconf 80' lang='lat' dir='ltr'>auctores</span> <span class='ocrx_word' id='word_1_93' title='bbox 533 728 700 783; x_wconf 84' lang='lat' dir='ltr'>antiqui</span> <span class='ocrx_word' id='word_1_94' title='bbox 744 727 1020 782; x_wconf 73' lang='lat' dir='ltr'>tradiderint,</span> <span class='ocrx_word' id='word_1_95' title='bbox 1067 728 1167 782; x_wconf 90' lang='lat' dir='ltr'>quia</span> <span class='ocrx_word' id='word_1_96' title='bbox 1204 742 1419 782; x_wconf 86' lang='lat' dir='ltr'>nusquam</span> <span class='ocrx_word' id='word_1_97' title='bbox 1457 729 1591 769; x_wconf 90' lang='lat' dir='ltr'>ullum</span> <span class='ocrx_word' id='word_1_98' title='bbox 1630 729 1678 769; x_wconf 92' lang='lat' dir='ltr'>in</span> 
     </span>
     <span class='ocr_line' id='line_1_12' title="bbox 104 787 1677 842; baseline 0 -13"><span class='ocrx_word' id='word_1_99' title='bbox 104 790 228 829; x_wconf 90' lang='lat' dir='ltr'>tanta</span> <span class='ocrx_word' id='word_1_100' title='bbox 259 787 466 830; x_wconf 85' lang='lat' dir='ltr'>foeditate</span> <span class='ocrx_word' id='word_1_101' title='bbox 500 788 658 829; x_wconf 85' lang='lat' dir='ltr'>decreti</span> <span class='ocrx_word' id='word_1_102' title='bbox 690 788 781 829; x_wconf 85' lang='lat' dir='ltr'>veri</span> <span class='ocrx_word' id='word_1_103' title='bbox 814 788 998 829; x_wconf 86' lang='lat' dir='ltr'>similem</span> <span class='ocrx_word' id='word_1_104' title='bbox 1031 787 1221 840; x_wconf 84' lang='lat' dir='ltr'>invenio,</span> <span class='ocrx_word' id='word_1_105' title='bbox 1254 787 1316 841; x_wconf 92' lang='lat' dir='ltr'>id,</span> <span class='ocrx_word' id='word_1_106' title='bbox 1348 787 1460 841; x_wconf 89' lang='lat' dir='ltr'>quod</span> <span class='ocrx_word' id='word_1_107' title='bbox 1493 790 1677 842; x_wconf 88' lang='lat' dir='ltr'>constat,</span> 
     </span>
     <span class='ocr_line' id='line_1_13' title="bbox 102 846 1678 902; baseline 0 -14"><span class='ocrx_word' id='word_1_108' title='bbox 102 847 267 888; x_wconf 90' lang='lat' dir='ltr'>nudum</span> <span class='ocrx_word' id='word_1_109' title='bbox 299 847 467 888; x_wconf 87' lang='lat' dir='ltr'>videtur</span> <span class='ocrx_word' id='word_1_110' title='bbox 498 847 843 902; x_wconf 90' lang='lat' dir='ltr'>proponendum,</span> <span class='ocrx_word' id='word_1_111' title='bbox 876 847 1070 889; x_wconf 87' lang='lat' dir='ltr'>decresse</span> <span class='ocrx_word' id='word_1_112' title='bbox 1095 846 1307 888; x_wconf 83' lang='lat' dir='ltr'>vindicias</span> <span class='ocrx_word' id='word_1_113' title='bbox 1335 847 1567 888; x_wconf 89' lang='lat' dir='ltr'>secundum</span> <span class='ocrx_word' id='word_1_114' title='bbox 1594 862 1678 888; x_wconf 92' lang='lat' dir='ltr'>ser-</span> 
     </span>
     <span class='ocr_line' id='line_1_14' title="bbox 103 894 1724 961; baseline 0.002 -14"><span class='ocrx_word' id='word_1_115' title='bbox 103 907 298 949; x_wconf 79' lang='lat' dir='ltr'>vitutem.</span> <span class='ocrx_word' id='word_1_116' title='bbox 343 907 483 961; x_wconf 88' lang='lat' dir='ltr'>primo</span> <span class='ocrx_word' id='word_1_117' title='bbox 519 911 670 961; x_wconf 88' lang='lat' dir='ltr'>stupor</span> <span class='ocrx_word' id='word_1_118' title='bbox 703 921 851 948; x_wconf 92' lang='lat' dir='ltr'>omnes</span> <span class='ocrx_word' id='word_1_119' title='bbox 884 894 1227 948; x_wconf 21' lang='lat' dir='ltr'>admiratione&amp;</span> <span class='ocrx_word' id='word_1_120' title='bbox 1199 906 1261 947; x_wconf 81' lang='lat' dir='ltr'>rei</span> <span class='ocrx_word' id='word_1_121' title='bbox 1293 909 1383 947; x_wconf 87' lang='lat' dir='ltr'>tam</span> <span class='ocrx_word' id='word_1_122' title='bbox 1416 907 1574 947; x_wconf 88' lang='lat' dir='ltr'>atrocis</span> <span class='ocrx_word' id='word_1_123' title='bbox 1608 906 1675 948; x_wconf 90' lang='lat' dir='ltr'>de·</span> <span class='ocrx_word' id='word_1_124' title='bbox 1704 919 1724 950; x_wconf 81' lang='grc'><strong>6</strong></span> 
     </span>
     <span class='ocr_line' id='line_1_15' title="bbox 103 964 1675 1021; baseline 0.001 -14"><span class='ocrx_word' id='word_1_125' title='bbox 103 966 217 1020; x_wconf 84' lang='lat' dir='ltr'>fixit·</span> <span class='ocrx_word' id='word_1_126' title='bbox 250 967 471 1008; x_wconf 89' lang='lat' dir='ltr'>silentium</span> <span class='ocrx_word' id='word_1_127' title='bbox 502 966 600 1008; x_wconf 92' lang='lat' dir='ltr'>inde</span> <span class='ocrx_word' id='word_1_128' title='bbox 634 966 901 1021; x_wconf 87' lang='lat' dir='ltr'>aliquamdiu</span> <span class='ocrx_word' id='word_1_129' title='bbox 927 966 1077 1007; x_wconf 79' lang='lat' dir='ltr'>tenuit.</span> <span class='ocrx_word' id='word_1_130' title='bbox 1123 965 1239 1019; x_wconf 92' lang='lat' dir='ltr'>dein,</span> <span class='ocrx_word' id='word_1_131' title='bbox 1273 980 1368 1007; x_wconf 90' lang='grc'>011111</span> <span class='ocrx_word' id='word_1_132' title='bbox 1394 965 1450 1007; x_wconf 86' lang='grc' dir='ltr'>Μ.</span> <span class='ocrx_word' id='word_1_133' title='bbox 1472 964 1675 1008; x_wconf 85' lang='lat' dir='ltr'>Claudius</span> 
     </span>
     <span class='ocr_line' id='line_1_16' title="bbox 105 999 1675 1080; baseline 0 -14"><span class='ocrx_word' id='word_1_134' title='bbox 105 999 488 1068; x_wconf 73' lang='lat' dir='ltr'>circiimstantibus</span> <span class='ocrx_word' id='word_1_135' title='bbox 520 1026 730 1067; x_wconf 88' lang='lat' dir='ltr'>matronis</span> <span class='ocrx_word' id='word_1_136' title='bbox 763 1026 847 1067; x_wconf 85' lang='lat' dir='ltr'>iret</span> <span class='ocrx_word' id='word_1_137' title='bbox 873 1026 926 1067; x_wconf 90' lang='lat' dir='ltr'>ad</span> <span class='ocrx_word' id='word_1_138' title='bbox 950 1025 1246 1080; x_wconf 88' lang='lat' dir='ltr'>prendendam</span> <span class='ocrx_word' id='word_1_139' title='bbox 1271 1025 1487 1080; x_wconf 87' lang='lat' dir='ltr'>virginem</span> <span class='ocrx_word' id='word_1_140' title='bbox 1514 1026 1675 1067; x_wconf 88' lang='lat' dir='ltr'>lamen-</span> 
     </span>
     <span class='ocr_line' id='line_1_17' title="bbox 101 1084 1722 1140; baseline 0.001 -14"><span class='ocrx_word' id='word_1_141' title='bbox 101 1085 334 1140; x_wconf 85' lang='lat' dir='ltr'>tabilisque</span> <span class='ocrx_word' id='word_1_142' title='bbox 385 1101 482 1127; x_wconf 93' lang='lat' dir='ltr'>eum</span> <span class='ocrx_word' id='word_1_143' title='bbox 533 1086 763 1127; x_wconf 90' lang='lat' dir='ltr'>mulierum</span> <span class='ocrx_word' id='word_1_144' title='bbox 807 1085 1092 1139; x_wconf 87' lang='lat' dir='ltr'>comploratio</span> <span class='ocrx_word' id='word_1_145' title='bbox 1138 1085 1395 1139; x_wconf 82' lang='lat' dir='ltr'>excepisset,</span> <span class='ocrx_word' id='word_1_146' title='bbox 1441 1084 1674 1140; x_wconf 85' lang='lat' dir='ltr'>Verginius</span> <span class='ocrx_word' id='word_1_147' title='bbox 1703 1096 1722 1127; x_wconf 83' lang='grc'>7</span> 
     </span>
     <span class='ocr_line' id='line_1_18' title="bbox 102 1143 1677 1200; baseline 0 -14"><span class='ocrx_word' id='word_1_148' title='bbox 102 1144 323 1186; x_wconf 88' lang='lat' dir='ltr'>intentans</span> <span class='ocrx_word' id='word_1_149' title='bbox 362 1145 407 1186; x_wconf 90' lang='lat' dir='ltr'>in</span> <span class='ocrx_word' id='word_1_150' title='bbox 445 1145 637 1200; x_wconf 89' lang='lat' dir='ltr'>Appium</span> <span class='ocrx_word' id='word_1_151' title='bbox 674 1160 829 1186; x_wconf 89' lang='lat' dir='ltr'>manus</span> <span class='ocrx_word' id='word_1_152' title='bbox 863 1143 1041 1198; x_wconf 71' lang='lat' dir='ltr'>‘Icili0&#39;,</span> <span class='ocrx_word' id='word_1_153' title='bbox 1078 1144 1238 1199; x_wconf 91' lang='lat' dir='ltr'>inquit,</span> <span class='ocrx_word' id='word_1_154' title='bbox 1278 1143 1427 1199; x_wconf 74' lang='lat' dir='ltr'>‘Appi‚</span> <span class='ocrx_word' id='word_1_155' title='bbox 1471 1159 1558 1186; x_wconf 90' lang='lat' dir='ltr'>non</span> <span class='ocrx_word' id='word_1_156' title='bbox 1594 1145 1677 1186; x_wconf 89' lang='lat' dir='ltr'>tibi</span> 
     </span>
     <span class='ocr_line' id='line_1_19' title="bbox 104 1203 1676 1259; baseline 0.001 -15"><span class='ocrx_word' id='word_1_157' title='bbox 104 1203 241 1245; x_wconf 90' lang='lat' dir='ltr'>filiam</span> <span class='ocrx_word' id='word_1_158' title='bbox 275 1204 503 1259; x_wconf 86' lang='lat' dir='ltr'>despondi,</span> <span class='ocrx_word' id='word_1_159' title='bbox 535 1207 578 1246; x_wconf 90' lang='lat' dir='ltr'>et</span> <span class='ocrx_word' id='word_1_160' title='bbox 611 1205 662 1246; x_wconf 88' lang='lat' dir='ltr'>ad</span> <span class='ocrx_word' id='word_1_161' title='bbox 695 1205 891 1259; x_wconf 80' lang='lat' dir='ltr'>nuptias,</span> <span class='ocrx_word' id='word_1_162' title='bbox 922 1219 1010 1246; x_wconf 93' lang='lat' dir='ltr'>non</span> <span class='ocrx_word' id='word_1_163' title='bbox 1038 1204 1090 1245; x_wconf 89' lang='lat' dir='ltr'>ad</span> <span class='ocrx_word' id='word_1_164' title='bbox 1119 1208 1316 1258; x_wconf 88' lang='lat' dir='ltr'>stuprum</span> <span class='ocrx_word' id='word_1_165' title='bbox 1349 1204 1537 1246; x_wconf 89' lang='lat' dir='ltr'>educavi.</span> <span class='ocrx_word' id='word_1_166' title='bbox 1587 1205 1676 1259; x_wconf 86' lang='lat' dir='ltr'>pla-</span> 
     </span>
     <span class='ocr_line' id='line_1_20' title="bbox 103 1263 1677 1319; baseline 0.001 -15"><span class='ocrx_word' id='word_1_167' title='bbox 103 1266 171 1305; x_wconf 89' lang='lat' dir='ltr'>cet</span> <span class='ocrx_word' id='word_1_168' title='bbox 207 1264 416 1318; x_wconf 88' lang='lat' dir='ltr'>pecudum</span> <span class='ocrx_word' id='word_1_169' title='bbox 456 1263 732 1319; x_wconf 85' lang='lat' dir='ltr'>ferarumque</span> <span class='ocrx_word' id='word_1_170' title='bbox 769 1264 857 1305; x_wconf 86' lang='lat' dir='ltr'>ritu</span> <span class='ocrx_word' id='word_1_171' title='bbox 888 1264 1131 1319; x_wconf 88' lang='lat' dir='ltr'>promiscue</span> <span class='ocrx_word' id='word_1_172' title='bbox 1162 1264 1208 1304; x_wconf 93' lang='lat' dir='ltr'>in</span> <span class='ocrx_word' id='word_1_173' title='bbox 1241 1264 1490 1305; x_wconf 86' lang='lat' dir='ltr'>concubitus</span> <span class='ocrx_word' id='word_1_174' title='bbox 1523 1264 1677 1306; x_wconf 79' lang='lat' dir='ltr'>ruere?</span> 
     </span>
     <span class='ocr_line' id='line_1_21' title="bbox 106 1323 1677 1378; baseline 0 -14"><span class='ocrx_word' id='word_1_175' title='bbox 106 1324 332 1377; x_wconf 87' lang='lat' dir='ltr'>passurine</span> <span class='ocrx_word' id='word_1_176' title='bbox 365 1323 471 1365; x_wconf 89' lang='lat' dir='ltr'>haec</span> <span class='ocrx_word' id='word_1_177' title='bbox 497 1324 572 1364; x_wconf 91' lang='lat' dir='ltr'>isti</span> <span class='ocrx_word' id='word_1_178' title='bbox 598 1324 704 1377; x_wconf 89' lang='lat' dir='ltr'>sint,</span> <span class='ocrx_word' id='word_1_179' title='bbox 736 1324 900 1377; x_wconf 82' lang='lat' dir='ltr'>nescio3</span> <span class='ocrx_word' id='word_1_180' title='bbox 931 1338 1020 1366; x_wconf 95' lang='lat' dir='ltr'>non</span> <span class='ocrx_word' id='word_1_181' title='bbox 1052 1337 1176 1378; x_wconf 92' lang='lat' dir='ltr'>spero</span> <span class='ocrx_word' id='word_1_182' title='bbox 1210 1337 1302 1364; x_wconf 91' lang='lat' dir='ltr'>esse</span> <span class='ocrx_word' id='word_1_183' title='bbox 1334 1338 1539 1378; x_wconf 88' lang='lat' dir='ltr'>passuros</span> <span class='ocrx_word' id='word_1_184' title='bbox 1566 1323 1677 1377; x_wconf 89' lang='lat' dir='ltr'>illos,</span> 
     </span>
     <span class='ocr_line' id='line_1_22' title="bbox 106 1382 1723 1438; baseline 0.001 -15"><span class='ocrx_word' id='word_1_185' title='bbox 106 1382 178 1437; x_wconf 93' lang='lat' dir='ltr'>qui</span> <span class='ocrx_word' id='word_1_186' title='bbox 210 1397 332 1424; x_wconf 87' lang='lat' dir='ltr'>arma</span> <span class='ocrx_word' id='word_1_187' title='bbox 362 1382 553 1425; x_wconf 69' lang='lat' dir='ltr'>habent.³</span> <span class='ocrx_word' id='word_1_188' title='bbox 605 1398 702 1425; x_wconf 89' lang='grc'>011111</span> <span class='ocrx_word' id='word_1_189' title='bbox 735 1383 1015 1438; x_wconf 87' lang='lat' dir='ltr'>repelleretur</span> <span class='ocrx_word' id='word_1_190' title='bbox 1047 1382 1245 1424; x_wconf 90' lang='lat' dir='ltr'>adsertor</span> <span class='ocrx_word' id='word_1_191' title='bbox 1276 1382 1456 1438; x_wconf 87' lang='lat' dir='ltr'>virginis</span> <span class='ocrx_word' id='word_1_192' title='bbox 1490 1398 1515 1424; x_wconf 93' lang='lat' dir='ltr'>a</span> <span class='ocrx_word' id='word_1_193' title='bbox 1547 1383 1676 1438; x_wconf 83' lang='lat' dir='ltr'>globo</span> <span class='ocrx_word' id='word_1_194' title='bbox 1703 1394 1723 1425; x_wconf 88' lang='lat'>8</span> 
     </span>
     <span class='ocr_line' id='line_1_23' title="bbox 105 1442 1678 1498; baseline 0.001 -16"><span class='ocrx_word' id='word_1_195' title='bbox 105 1442 333 1483; x_wconf 89' lang='lat' dir='ltr'>mulierum</span> <span class='ocrx_word' id='word_1_196' title='bbox 377 1443 834 1498; x_wconf 85' lang='lat' dir='ltr'>circumstantiumque</span> <span class='ocrx_word' id='word_1_197' title='bbox 877 1442 1204 1497; x_wconf 88' lang='lat' dir='ltr'>advocatorum,</span> <span class='ocrx_word' id='word_1_198' title='bbox 1249 1442 1469 1484; x_wconf 89' lang='lat' dir='ltr'>silentium</span> <span class='ocrx_word' id='word_1_199' title='bbox 1513 1443 1678 1484; x_wconf 85' lang='lat' dir='ltr'>factum</span> 
     </span>
     <span class='ocr_line' id='line_1_24' title="bbox 103 1516 1232 1557; baseline 0.006 -15"><span class='ocrx_word' id='word_1_200' title='bbox 103 1516 182 1555; x_wconf 90' lang='lat' dir='ltr'>per</span> <span class='ocrx_word' id='word_1_201' title='bbox 212 1516 482 1557; x_wconf 89' lang='lat' dir='ltr'>praeconem.</span> <span class='ocrx_word' id='word_1_202' title='bbox 1230 1525 1232 1527; x_wconf 87' lang='lat'>·</span> 
     </span>
    </p>

    <p class='ocr_par' dir='ltr' id='par_1_3' title="bbox 91 1561 1746 1855">
     <span class='ocr_line' id='line_1_25' title="bbox 224 1561 1746 1617; baseline 0.001 -14"><span class='ocrx_word' id='word_1_203' title='bbox 224 1561 451 1603; x_wconf 90' lang='lat' dir='ltr'>Decemvir</span> <span class='ocrx_word' id='word_1_204' title='bbox 483 1562 692 1603; x_wconf 88' lang='lat' dir='ltr'>alienatus</span> <span class='ocrx_word' id='word_1_205' title='bbox 726 1562 779 1603; x_wconf 88' lang='lat' dir='ltr'>ad</span> <span class='ocrx_word' id='word_1_206' title='bbox 811 1561 1037 1603; x_wconf 89' lang='lat' dir='ltr'>libidinem</span> <span class='ocrx_word' id='word_1_207' title='bbox 1063 1562 1209 1604; x_wconf 86' lang='lat' dir='ltr'>animo</span> <span class='ocrx_word' id='word_1_208' title='bbox 1236 1564 1370 1617; x_wconf 88' lang='lat' dir='ltr'>negat</span> <span class='ocrx_word' id='word_1_209' title='bbox 1396 1577 1446 1603; x_wconf 83' lang='lat' dir='ltr'>ex</span> <span class='ocrx_word' id='word_1_210' title='bbox 1471 1562 1674 1604; x_wconf 88' lang='lat' dir='ltr'>hesterno</span> <span class='ocrx_word' id='word_1_211' title='bbox 1689 1563 1746 1605; x_wconf 83' lang='lat'>48</span> 
     </span>
     <span class='ocr_line' id='line_1_26' title="bbox 106 1621 1677 1676; baseline 0.001 -15"><span class='ocrx_word' id='word_1_212' title='bbox 106 1622 279 1662; x_wconf 90' lang='lat' dir='ltr'>tantum</span> <span class='ocrx_word' id='word_1_213' title='bbox 311 1622 503 1664; x_wconf 87' lang='lat' dir='ltr'>convicio</span> <span class='ocrx_word' id='word_1_214' title='bbox 536 1621 631 1663; x_wconf 85' lang='lat' dir='ltr'>Icili</span> <span class='ocrx_word' id='word_1_215' title='bbox 662 1622 950 1676; x_wconf 86' lang='lat' dir='ltr'>violentiaque</span> <span class='ocrx_word' id='word_1_216' title='bbox 979 1621 1172 1676; x_wconf 86' lang='lat' dir='ltr'>Vergini,</span> <span class='ocrx_word' id='word_1_217' title='bbox 1204 1622 1323 1663; x_wconf 89' lang='lat' dir='ltr'>cuius</span> <span class='ocrx_word' id='word_1_218' title='bbox 1356 1624 1510 1663; x_wconf 87' lang='lat' dir='ltr'>testem</span> <span class='ocrx_word' id='word_1_219' title='bbox 1543 1637 1677 1676; x_wconf 92' lang='lat' dir='ltr'>popu-</span> 
     </span>
     <span class='ocr_line' id='line_1_27' title="bbox 91 1680 1676 1736; baseline -0.002 -11"><span class='ocrx_word' id='word_1_220' title='bbox 91 1680 192 1725; x_wconf 82' lang='lat' dir='ltr'>lum</span> <span class='ocrx_word' id='word_1_221' title='bbox 224 1680 467 1723; x_wconf 86' lang='lat' dir='ltr'>Romanum</span> <span class='ocrx_word' id='word_1_222' title='bbox 505 1681 682 1735; x_wconf 88' lang='lat' dir='ltr'>habeat,</span> <span class='ocrx_word' id='word_1_223' title='bbox 721 1680 796 1722; x_wconf 91' lang='lat' dir='ltr'>sed</span> <span class='ocrx_word' id='word_1_224' title='bbox 835 1681 962 1722; x_wconf 87' lang='lat' dir='ltr'>certis</span> <span class='ocrx_word' id='word_1_225' title='bbox 996 1695 1165 1736; x_wconf 90' lang='lat' dir='ltr'>quoque</span> <span class='ocrx_word' id='word_1_226' title='bbox 1204 1680 1371 1722; x_wconf 90' lang='lat' dir='ltr'>indiciis</span> <span class='ocrx_word' id='word_1_227' title='bbox 1410 1684 1676 1736; x_wconf 90' lang='lat' dir='ltr'>compertum</span> 
     </span>
     <span class='ocr_line' id='line_1_28' title="bbox 105 1739 1676 1795; baseline 0.001 -15"><span class='ocrx_word' id='word_1_228' title='bbox 105 1754 149 1781; x_wconf 91' lang='lat' dir='ltr'>se</span> <span class='ocrx_word' id='word_1_229' title='bbox 181 1739 353 1795; x_wconf 88' lang='lat' dir='ltr'>habere,</span> <span class='ocrx_word' id='word_1_230' title='bbox 385 1743 510 1782; x_wconf 89' lang='lat' dir='ltr'>nocte</span> <span class='ocrx_word' id='word_1_231' title='bbox 542 1742 636 1782; x_wconf 87' lang='lat' dir='ltr'>tota</span> <span class='ocrx_word' id='word_1_232' title='bbox 670 1743 816 1782; x_wconf 87' lang='lat' dir='ltr'>coetus</span> <span class='ocrx_word' id='word_1_233' title='bbox 848 1740 889 1781; x_wconf 91' lang='lat' dir='ltr'>in</span> <span class='ocrx_word' id='word_1_234' title='bbox 924 1741 1029 1781; x_wconf 88' lang='lat' dir='ltr'>urbe</span> <span class='ocrx_word' id='word_1_235' title='bbox 1056 1740 1193 1782; x_wconf 87' lang='lat' dir='ltr'>factos</span> <span class='ocrx_word' id='word_1_236' title='bbox 1221 1755 1313 1782; x_wconf 92' lang='lat' dir='ltr'>esse</span> <span class='ocrx_word' id='word_1_237' title='bbox 1341 1740 1394 1782; x_wconf 89' lang='lat' dir='ltr'>ad</span> <span class='ocrx_word' id='word_1_238' title='bbox 1420 1741 1676 1782; x_wconf 86' lang='lat' dir='ltr'>movendam</span> 
     </span>
     <span class='ocr_line' id='line_1_29' title="bbox 106 1799 1723 1855; baseline 0.001 -15"><span class='ocrx_word' id='word_1_239' title='bbox 106 1799 371 1841; x_wconf 89' lang='lat' dir='ltr'>seditionem.</span> <span class='ocrx_word' id='word_1_240' title='bbox 434 1799 580 1855; x_wconf 89' lang='lat' dir='ltr'>itaque</span> <span class='ocrx_word' id='word_1_241' title='bbox 627 1814 672 1841; x_wconf 89' lang='lat' dir='ltr'>se</span> <span class='ocrx_word' id='word_1_242' title='bbox 716 1799 833 1841; x_wconf 90' lang='lat' dir='ltr'>haud</span> <span class='ocrx_word' id='word_1_243' title='bbox 876 1799 1062 1841; x_wconf 90' lang='lat' dir='ltr'>inscium</span> <span class='ocrx_word' id='word_1_244' title='bbox 1106 1799 1196 1841; x_wconf 90' lang='lat' dir='ltr'>eius</span> <span class='ocrx_word' id='word_1_245' title='bbox 1242 1799 1532 1842; x_wconf 89' lang='lat' dir='ltr'>dimicationis</span> <span class='ocrx_word' id='word_1_246' title='bbox 1579 1814 1674 1842; x_wconf 89' lang='lat' dir='ltr'>cum</span> <span class='ocrx_word' id='word_1_247' title='bbox 1703 1812 1723 1843; x_wconf 81' lang='lat'><strong>2</strong></span> 
     </span>
    </p>
   </div>
   <div class='ocr_carea' id='block_1_3' title="bbox 1771 529 1787 550">
    <p class='ocr_par' dir='ltr' id='par_1_4' title="bbox 1771 529 1787 550">
     <span class='ocr_line' id='line_1_30' title="bbox 1771 529 1787 550; baseline 0 0"><span class='ocrx_word' id='word_1_248' title='bbox 1771 529 1787 550; x_wconf 61' lang='grc' dir='ltr'><strong>Α</strong></span> 
     </span>
    </p>
   </div>
   <div class='ocr_carea' id='block_1_4' title="bbox 102 1950 854 2674">
    <p class='ocr_par' dir='ltr' id='par_1_5' title="bbox 103 1950 489 1996">
     <span class='ocr_line' id='line_1_31' title="bbox 103 1950 489 1996; baseline 0.003 -11"><span class='ocrx_word' id='word_1_249' title='bbox 103 1950 224 1985; x_wconf 86' lang='lat' dir='ltr'>rische</span> <span class='ocrx_word' id='word_1_250' title='bbox 268 1951 405 1996; x_wconf 83' lang='lat' dir='ltr'>Frage,</span> <span class='ocrx_word' id='word_1_251' title='bbox 446 1968 489 1981; x_wconf 94' lang='lat'><strong><em>=</em></strong></span> 
     </span>
    </p>

    <p class='ocr_par' dir='ltr' id='par_1_6' title="bbox 103 2000 854 2140">
     <span class='ocr_line' id='line_1_32' title="bbox 103 2000 450 2034; baseline 0.003 -1"><span class='ocrx_word' id='word_1_252' title='bbox 103 2003 206 2033; x_wconf 83' lang='lat' dir='ltr'>was?</span> <span class='ocrx_word' id='word_1_253' title='bbox 232 2000 306 2033; x_wconf 92' lang='lat' dir='ltr'>und</span> <span class='ocrx_word' id='word_1_254' title='bbox 333 2004 450 2034; x_wconf 82' lang='lat' dir='ltr'>wem?</span> 
     </span>
     <span class='ocr_line' id='line_1_33' title="bbox 151 2045 508 2093; baseline 0.003 -11"><span class='ocrx_word' id='word_1_255' title='bbox 151 2046 277 2093; x_wconf 78' lang='lat' dir='ltr'>capta]</span> <span class='ocrx_word' id='word_1_256' title='bbox 305 2045 383 2082; x_wconf 81' lang='lat' dir='ltr'>scil.</span> <span class='ocrx_word' id='word_1_257' title='bbox 410 2048 508 2083; x_wconf 85' lang='lat' dir='ltr'>urbe.</span> 
     </span>
     <span class='ocr_line' id='line_1_34' title="bbox 151 2094 854 2140; baseline 0 -11"><span class='ocrx_word' id='word_1_258' title='bbox 151 2094 243 2140; x_wconf 78' lang='lat' dir='ltr'>suis]</span> <span class='ocrx_word' id='word_1_259' title='bbox 289 2105 332 2128; x_wconf 92' lang='lat' dir='ltr'>zu</span> <span class='ocrx_word' id='word_1_260' title='bbox 370 2094 548 2130; x_wconf 87' lang='lat' dir='ltr'>beziehen</span> <span class='ocrx_word' id='word_1_261' title='bbox 587 2095 655 2130; x_wconf 86' lang='lat' dir='ltr'>auf</span> <span class='ocrx_word' id='word_1_262' title='bbox 689 2095 754 2129; x_wconf 85' lang='lat' dir='ltr'>das</span> <span class='ocrx_word' id='word_1_263' title='bbox 791 2094 854 2129; x_wconf 87' lang='lat' dir='ltr'>bei</span> 
     </span>
    </p>

    <p class='ocr_par' dir='ltr' id='par_1_7' title="bbox 102 2142 851 2188">
     <span class='ocr_line' id='line_1_35' title="bbox 102 2142 851 2188; baseline -0.001 -11"><span class='ocrx_word' id='word_1_264' title='bbox 102 2143 273 2187; x_wconf 74' lang='lat' dir='ltr'>prodesse</span> <span class='ocrx_word' id='word_1_265' title='bbox 297 2153 341 2176; x_wconf 91' lang='lat' dir='ltr'>zu</span> <span class='ocrx_word' id='word_1_266' title='bbox 367 2143 562 2178; x_wconf 89' lang='lat' dir='ltr'>denkende</span> <span class='ocrx_word' id='word_1_267' title='bbox 583 2142 722 2188; x_wconf 62' lang='lat' dir='ltr'>ObJekt</span> <span class='ocrx_word' id='word_1_268' title='bbox 741 2143 851 2187; x_wconf 70' lang='lat' dir='ltr'>(sibz).</span> 
     </span>
    </p>

    <p class='ocr_par' dir='ltr' id='par_1_8' title="bbox 104 2195 854 2336">
     <span class='ocr_line' id='line_1_36' title="bbox 153 2195 854 2242; baseline 0.001 -12"><span class='ocrx_word' id='word_1_269' title='bbox 153 2199 185 2230; x_wconf 90' lang='lat'>3.</span> <span class='ocrx_word' id='word_1_270' title='bbox 229 2196 331 2242; x_wconf 82' lang='lat' dir='ltr'>haee]</span> <span class='ocrx_word' id='word_1_271' title='bbox 373 2195 514 2241; x_wconf 86' lang='lat' dir='ltr'>Objekt</span> <span class='ocrx_word' id='word_1_272' title='bbox 551 2208 635 2230; x_wconf 89' lang='lat' dir='ltr'>zum</span> <span class='ocrx_word' id='word_1_273' title='bbox 671 2195 854 2242; x_wconf 82' lang='lat' dir='ltr'>Adjektiv</span> 
     </span>
     <span class='ocr_line' id='line_1_37' title="bbox 104 2243 852 2286; baseline 0.001 -8"><span class='ocrx_word' id='word_1_274' title='bbox 104 2244 440 2286; x_wconf 72' lang='lat' dir='ltr'>contionabundus,</span> <span class='ocrx_word' id='word_1_275' title='bbox 475 2243 602 2278; x_wconf 89' lang='lat' dir='ltr'>indem</span> <span class='ocrx_word' id='word_1_276' title='bbox 634 2243 756 2279; x_wconf 82' lang='lat' dir='ltr'>dieses</span> <span class='ocrx_word' id='word_1_277' title='bbox 782 2243 852 2279; x_wconf 86' lang='lat' dir='ltr'>wie</span> 
     </span>
     <span class='ocr_line' id='line_1_38' title="bbox 107 2289 718 2336; baseline 0.003 -11"><span class='ocrx_word' id='word_1_278' title='bbox 107 2289 168 2325; x_wconf 87' lang='lat' dir='ltr'>ein</span> <span class='ocrx_word' id='word_1_279' title='bbox 194 2289 360 2336; x_wconf 82' lang='lat' dir='ltr'>Particip</span> <span class='ocrx_word' id='word_1_280' title='bbox 386 2291 590 2326; x_wconf 87' lang='lat' dir='ltr'>behandelt</span> <span class='ocrx_word' id='word_1_281' title='bbox 615 2292 718 2327; x_wconf 83' lang='lat' dir='ltr'>wird.</span> 
     </span>
    </p>

    <p class='ocr_par' dir='ltr' id='par_1_9' title="bbox 151 2337 779 2384">
     <span class='ocr_line' id='line_1_39' title="bbox 151 2337 779 2384; baseline 0.003 -12"><span class='ocrx_word' id='word_1_282' title='bbox 151 2338 329 2384; x_wconf 79' lang='lat' dir='ltr'>movebat]</span> <span class='ocrx_word' id='word_1_283' title='bbox 357 2337 443 2384; x_wconf 77' lang='lat' dir='ltr'><strong>Vgl.</strong></span> <span class='ocrx_word' id='word_1_284' title='bbox 471 2350 515 2373; x_wconf 91' lang='lat' dir='ltr'>zu</span> <span class='ocrx_word' id='word_1_285' title='bbox 540 2337 635 2384; x_wconf 85' lang='lat' dir='ltr'>Kap.</span> <span class='ocrx_word' id='word_1_286' title='bbox 664 2342 720 2382; x_wconf 91' lang='lat'>18,</span> <span class='ocrx_word' id='word_1_287' title='bbox 748 2343 779 2374; x_wconf 96' lang='lat'>6.</span> 
     </span>
    </p>

    <p class='ocr_par' dir='ltr' id='par_1_10' title="bbox 105 2392 853 2531">
     <span class='ocr_line' id='line_1_40' title="bbox 153 2392 853 2438; baseline 0 -12"><span class='ocrx_word' id='word_1_288' title='bbox 153 2395 185 2426; x_wconf 89' lang='lat'>4.</span> <span class='ocrx_word' id='word_1_289' title='bbox 224 2392 344 2426; x_wconf 76' lang='lat' dir='ltr'>verius</span> <span class='ocrx_word' id='word_1_290' title='bbox 381 2392 505 2438; x_wconf 78' lang='lat' dir='ltr'>quam]</span> <span class='ocrx_word' id='word_1_291' title='bbox 546 2392 600 2427; x_wconf 87' lang='lat' dir='ltr'>oft</span> <span class='ocrx_word' id='word_1_292' title='bbox 633 2392 695 2427; x_wconf 90' lang='lat' dir='ltr'>bei</span> <span class='ocrx_word' id='word_1_293' title='bbox 726 2392 853 2428; x_wconf 81' lang='lat' dir='ltr'>Livius</span> 
     </span>
     <span class='ocr_line' id='line_1_41' title="bbox 105 2439 853 2484; baseline 0 -10"><span class='ocrx_word' id='word_1_294' title='bbox 105 2440 198 2474; x_wconf 84' lang='lat' dir='ltr'>statt</span> <span class='ocrx_word' id='word_1_295' title='bbox 216 2439 334 2484; x_wconf 77' lang='lat' dir='ltr'>mayis</span> <span class='ocrx_word' id='word_1_296' title='bbox 352 2450 480 2484; x_wconf 79' lang='lat' dir='ltr'>quam:</span> <span class='ocrx_word' id='word_1_297' title='bbox 506 2439 539 2483; x_wconf 90' lang='lat'>1,</span> <span class='ocrx_word' id='word_1_298' title='bbox 561 2443 617 2483; x_wconf 82' lang='lat'>56,</span> <span class='ocrx_word' id='word_1_299' title='bbox 633 2444 670 2483; x_wconf 76' lang='lat'>93</span> <span class='ocrx_word' id='word_1_300' title='bbox 691 2439 726 2483; x_wconf 82' lang='lat'>2,</span> <span class='ocrx_word' id='word_1_301' title='bbox 741 2444 797 2484; x_wconf 88' lang='grc'>26,</span> <span class='ocrx_word' id='word_1_302' title='bbox 816 2444 853 2483; x_wconf 84' lang='grc'>1;</span> 
     </span>
     <span class='ocr_line' id='line_1_42' title="bbox 105 2487 294 2531; baseline 0 -9"><span class='ocrx_word' id='word_1_303' title='bbox 105 2487 140 2531; x_wconf 85' lang='grc'>9,</span> <span class='ocrx_word' id='word_1_304' title='bbox 163 2490 217 2530; x_wconf 83' lang='lat'>17,</span> <span class='ocrx_word' id='word_1_305' title='bbox 240 2490 294 2522; x_wconf 89' lang='lat'><strong>16.</strong></span> 
     </span>
    </p>

    <p class='ocr_par' dir='ltr' id='par_1_11' title="bbox 106 2533 854 2616">
     <span class='ocr_line' id='line_1_43' title="bbox 146 2533 854 2580; baseline -0.001 -11"><span class='ocrx_word' id='word_1_306' title='bbox 146 2545 215 2579; x_wconf 75' lang='lat' dir='ltr'>per</span> <span class='ocrx_word' id='word_1_307' title='bbox 251 2533 500 2580; x_wconf 74' lang='lat' dir='ltr'>ambitionem]</span> <span class='ocrx_word' id='word_1_308' title='bbox 535 2545 601 2569; x_wconf 89' lang='lat' dir='ltr'>aus</span> <span class='ocrx_word' id='word_1_309' title='bbox 634 2534 854 2569; x_wconf 84' lang='lat' dir='ltr'>Parteilich-</span> 
     </span>
     <span class='ocr_line' id='line_1_44' title="bbox 106 2582 197 2616; baseline -0.011 0"><span class='ocrx_word' id='word_1_310' title='bbox 106 2582 197 2616; x_wconf 90' lang='lat' dir='ltr'>keit.</span> 
     </span>
    </p>

    <p class='ocr_par' dir='ltr' id='par_1_12' title="bbox 146 2628 797 2674">
     <span class='ocr_line' id='line_1_45' title="bbox 146 2628 797 2674; baseline 0 -10"><span class='ocrx_word' id='word_1_311' title='bbox 146 2630 350 2674; x_wconf 74' lang='lat' dir='ltr'>perayeret]</span> <span class='ocrx_word' id='word_1_312' title='bbox 378 2629 462 2674; x_wconf 86' lang='lat' dir='ltr'><strong>Vgl.</strong></span> <span class='ocrx_word' id='word_1_313' title='bbox 490 2641 534 2663; x_wconf 88' lang='lat' dir='ltr'>zu</span> <span class='ocrx_word' id='word_1_314' title='bbox 560 2628 653 2673; x_wconf 81' lang='lat' dir='ltr'>Kap.</span> <span class='ocrx_word' id='word_1_315' title='bbox 681 2632 738 2672; x_wconf 89' lang='lat'>40,</span> <span class='ocrx_word' id='word_1_316' title='bbox 766 2633 797 2664; x_wconf 95' lang='lat'>5.</span> 
     </span>
    </p>
   </div>
   <div class='ocr_carea' id='block_1_5' title="bbox 105 2686 855 2925">
    <p class='ocr_par' dir='ltr' id='par_1_13' title="bbox 105 2686 855 2876">
     <span class='ocr_line' id='line_1_46' title="bbox 154 2686 855 2734; baseline -0.001 -11"><span class='ocrx_word' id='word_1_317' title='bbox 154 2692 185 2723; x_wconf 91' lang='lat'>5.</span> <span class='ocrx_word' id='word_1_318' title='bbox 231 2700 371 2733; x_wconf 79' lang='lat' dir='ltr'>quem.</span> <span class='ocrx_word' id='word_1_319' title='bbox 437 2688 735 2734; x_wconf 76' lang='lat' dir='ltr'>praetende-rit]</span> <span class='ocrx_word' id='word_1_320' title='bbox 781 2686 855 2722; x_wconf 89' lang='lat' dir='ltr'>Der</span> 
     </span>
     <span class='ocr_line' id='line_1_47' title="bbox 107 2735 855 2781; baseline 0 -11"><span class='ocrx_word' id='word_1_321' title='bbox 107 2735 194 2770; x_wconf 88' lang='lat' dir='ltr'>Satz</span> <span class='ocrx_word' id='word_1_322' title='bbox 214 2736 324 2781; x_wconf 77' lang='lat' dir='ltr'>fangt</span> <span class='ocrx_word' id='word_1_323' title='bbox 343 2747 384 2771; x_wconf 84' lang='lat' dir='ltr'>so</span> <span class='ocrx_word' id='word_1_324' title='bbox 404 2747 462 2778; x_wconf 91' lang='lat' dir='ltr'>an,</span> <span class='ocrx_word' id='word_1_325' title='bbox 487 2735 542 2770; x_wconf 82' lang='lat' dir='ltr'>als</span> <span class='ocrx_word' id='word_1_326' title='bbox 563 2736 610 2770; x_wconf 91' lang='lat' dir='ltr'>ob</span> <span class='ocrx_word' id='word_1_327' title='bbox 630 2735 855 2780; x_wconf 85' lang='lat' dir='ltr'>nachfolgen</span> 
     </span>
     <span class='ocr_line' id='line_1_48' title="bbox 107 2783 854 2826; baseline 0.001 -10"><span class='ocrx_word' id='word_1_328' title='bbox 107 2783 250 2818; x_wconf 71' lang='lat' dir='ltr'>wiirde:</span> <span class='ocrx_word' id='word_1_329' title='bbox 286 2795 361 2819; x_wconf 92' lang='lat' dir='ltr'>non</span> <span class='ocrx_word' id='word_1_330' title='bbox 394 2787 551 2826; x_wconf 74' lang='lat' dir='ltr'>constat,</span> <span class='ocrx_word' id='word_1_331' title='bbox 583 2794 658 2818; x_wconf 89' lang='lat' dir='ltr'>non</span> <span class='ocrx_word' id='word_1_332' title='bbox 688 2783 854 2826; x_wconf 82' lang='lat' dir='ltr'>referam.</span> 
     </span>
     <span class='ocr_line' id='line_1_49' title="bbox 105 2821 853 2876; baseline 0 -11"><span class='ocrx_word' id='word_1_333' title='bbox 105 2821 204 2865; x_wconf 75' lang='lat' dir='ltr'>Uber</span> <span class='ocrx_word' id='word_1_334' title='bbox 235 2833 473 2875; x_wconf 78' lang='lat' dir='ltr'>praetendere</span> <span class='ocrx_word' id='word_1_335' title='bbox 507 2830 794 2876; x_wconf 84' lang='lat' dir='ltr'>vgl.Kap.45,</span> <span class='ocrx_word' id='word_1_336' title='bbox 823 2835 853 2867; x_wconf 92' lang='lat'>1.</span> 
     </span>
    </p>

    <p class='ocr_par' dir='ltr' id='par_1_14' title="bbox 154 2878 855 2925">
     <span class='ocr_line' id='line_1_50' title="bbox 154 2878 855 2925; baseline 0 -12"><span class='ocrx_word' id='word_1_337' title='bbox 154 2878 283 2921; x_wconf 76' lang='lat' dir='ltr'>forsan</span> <span class='ocrx_word' id='word_1_338' title='bbox 309 2879 394 2925; x_wconf 83' lang='lat' dir='ltr'>eto.]</span> <span class='ocrx_word' id='word_1_339' title='bbox 424 2879 493 2914; x_wconf 88' lang='lat' dir='ltr'>Die</span> <span class='ocrx_word' id='word_1_340' title='bbox 519 2878 623 2914; x_wconf 87' lang='lat' dir='ltr'>alten</span> <span class='ocrx_word' id='word_1_341' title='bbox 642 2878 855 2913; x_wconf 85' lang='lat' dir='ltr'>Historiker</span> 
     </span>
    </p>
   </div>
   <div class='ocr_carea' id='block_1_6' title="bbox 529 1952 855 1997">
    <p class='ocr_par' dir='ltr' id='par_1_15' title="bbox 529 1952 855 1997">
     <span class='ocr_line' id='line_1_51' title="bbox 529 1952 855 1997; baseline 0.003 -11"><span class='ocrx_word' id='word_1_342' title='bbox 529 1953 626 1987; x_wconf 80' lang='lat' dir='ltr'>nihil</span> <span class='ocrx_word' id='word_1_343' title='bbox 665 1952 834 1997; x_wconf 79' lang='lat' dir='ltr'>prodesse</span> <span class='ocrx_word' id='word_1_344' title='bbox 841 1965 855 1994; x_wconf 87' lang='lat'>‚-</span> 
     </span>
    </p>
   </div>
   <div class='ocr_carea' id='block_1_7' title="bbox 927 1950 1677 2083">
    <p class='ocr_par' dir='ltr' id='par_1_16' title="bbox 927 1950 1677 2083">
     <span class='ocr_line' id='line_1_52' title="bbox 927 1950 1677 1998; baseline 0.004 -13"><span class='ocrx_word' id='word_1_345' title='bbox 927 1951 1051 1986; x_wconf 85' lang='lat' dir='ltr'>haben</span> <span class='ocrx_word' id='word_1_346' title='bbox 1076 1950 1271 1986; x_wconf 83' lang='lat' dir='ltr'>vielleicht</span> <span class='ocrx_word' id='word_1_347' title='bbox 1297 1952 1377 1987; x_wconf 89' lang='lat' dir='ltr'>eine</span> <span class='ocrx_word' id='word_1_348' title='bbox 1404 1951 1565 1998; x_wconf 85' lang='lat' dir='ltr'>richtige</span> <span class='ocrx_word' id='word_1_349' title='bbox 1589 1952 1677 1988; x_wconf 90' lang='lat' dir='ltr'>Ein-</span> 
     </span>
     <span class='ocr_line' id='line_1_53' title="bbox 927 1998 1676 2043; baseline 0.004 -10"><span class='ocrx_word' id='word_1_350' title='bbox 927 1999 1073 2043; x_wconf 85' lang='lat' dir='ltr'>leitung</span> <span class='ocrx_word' id='word_1_351' title='bbox 1103 1998 1340 2042; x_wconf 77' lang='lat' dir='ltr'>fiberliefert,</span> <span class='ocrx_word' id='word_1_352' title='bbox 1373 2000 1515 2035; x_wconf 83' lang='lat' dir='ltr'>welche</span> <span class='ocrx_word' id='word_1_353' title='bbox 1542 2012 1581 2036; x_wconf 88' lang='lat' dir='ltr'>er</span> <span class='ocrx_word' id='word_1_354' title='bbox 1607 2000 1676 2036; x_wconf 82' lang='lat' dir='ltr'>sei-</span> 
     </span>
     <span class='ocr_line' id='line_1_54' title="bbox 927 2045 1604 2083; baseline 0.003 -2"><span class='ocrx_word' id='word_1_355' title='bbox 927 2058 1011 2082; x_wconf 88' lang='lat' dir='ltr'>nem</span> <span class='ocrx_word' id='word_1_356' title='bbox 1037 2045 1263 2082; x_wconf 83' lang='lat' dir='ltr'>Entscheide</span> <span class='ocrx_word' id='word_1_357' title='bbox 1289 2047 1604 2083; x_wconf 77' lang='lat' dir='ltr'>vorausschickte.</span> 
     </span>
    </p>
   </div>
   <div class='ocr_carea' id='block_1_8' title="bbox 976 2105 1617 2153">
    <p class='ocr_par' dir='ltr' id='par_1_17' title="bbox 976 2105 1617 2153">
     <span class='ocr_line' id='line_1_55' title="bbox 976 2105 1617 2153; baseline 0.003 -12"><span class='ocrx_word' id='word_1_358' title='bbox 976 2110 1007 2141; x_wconf 90' lang='lat'><strong>6.</strong></span> <span class='ocrx_word' id='word_1_359' title='bbox 1040 2105 1174 2152; x_wconf 76' lang='lat' dir='ltr'>tenuit]</span> <span class='ocrx_word' id='word_1_360' title='bbox 1200 2106 1285 2151; x_wconf 85' lang='lat' dir='ltr'><strong>Vgl.</strong></span> <span class='ocrx_word' id='word_1_361' title='bbox 1312 2119 1357 2141; x_wconf 90' lang='lat' dir='ltr'>zu</span> <span class='ocrx_word' id='word_1_362' title='bbox 1382 2107 1476 2153; x_wconf 87' lang='lat' dir='ltr'>Kap.</span> <span class='ocrx_word' id='word_1_363' title='bbox 1509 2111 1563 2151; x_wconf 89' lang='grc'>19,</span> <span class='ocrx_word' id='word_1_364' title='bbox 1584 2111 1617 2143; x_wconf 92' lang='grc'>2.</span> 
     </span>
    </p>
   </div>
   <div class='ocr_carea' id='block_1_9' title="bbox 925 2165 1676 2450">
    <p class='ocr_par' dir='ltr' id='par_1_18' title="bbox 925 2165 1676 2344">
     <span class='ocr_line' id='line_1_56' title="bbox 976 2165 1676 2212; baseline 0.001 -11"><span class='ocrx_word' id='word_1_365' title='bbox 976 2169 1006 2201; x_wconf 85' lang='grc'>7.</span> <span class='ocrx_word' id='word_1_366' title='bbox 1024 2165 1243 2212; x_wconf 79' lang='lat' dir='ltr'>promiscue]</span> <span class='ocrx_word' id='word_1_367' title='bbox 1254 2166 1371 2201; x_wconf 87' lang='lat' dir='ltr'>durch</span> <span class='ocrx_word' id='word_1_368' title='bbox 1383 2166 1570 2210; x_wconf 87' lang='lat' dir='ltr'>einander,</span> <span class='ocrx_word' id='word_1_369' title='bbox 1580 2168 1676 2203; x_wconf 89' lang='lat' dir='ltr'>ohne</span> 
     </span>
     <span class='ocr_line' id='line_1_57' title="bbox 927 2212 1676 2261; baseline 0.003 -14"><span class='ocrx_word' id='word_1_370' title='bbox 927 2212 1053 2257; x_wconf 80' lang='lat' dir='ltr'>Wahl‚</span> <span class='ocrx_word' id='word_1_371' title='bbox 1079 2214 1149 2248; x_wconf 88' lang='lat' dir='ltr'>wie</span> <span class='ocrx_word' id='word_1_372' title='bbox 1176 2214 1237 2249; x_wconf 87' lang='lat' dir='ltr'>die</span> <span class='ocrx_word' id='word_1_373' title='bbox 1254 2213 1362 2250; x_wconf 88' lang='lat' dir='ltr'>Tiere</span> <span class='ocrx_word' id='word_1_374' title='bbox 1387 2215 1426 2249; x_wconf 93' lang='lat' dir='ltr'>in</span> <span class='ocrx_word' id='word_1_375' title='bbox 1452 2215 1676 2261; x_wconf 76' lang='lat' dir='ltr'>ungeziigel-</span> 
     </span>
     <span class='ocr_line' id='line_1_58' title="bbox 925 2242 1674 2308; baseline 0.001 -12"><span class='ocrx_word' id='word_1_376' title='bbox 925 2261 983 2296; x_wconf 84' lang='lat' dir='ltr'>ter</span> <span class='ocrx_word' id='word_1_377' title='bbox 1020 2242 1202 2307; x_wconf 66' lang='lat' dir='ltr'>B&#39;egierde</span> <span class='ocrx_word' id='word_1_378' title='bbox 1241 2274 1303 2296; x_wconf 88' lang='lat' dir='ltr'>zur</span> <span class='ocrx_word' id='word_1_379' title='bbox 1339 2262 1555 2308; x_wconf 87' lang='lat' dir='ltr'>Begattung</span> <span class='ocrx_word' id='word_1_380' title='bbox 1593 2263 1674 2297; x_wconf 88' lang='lat' dir='ltr'>hin-</span> 
     </span>
     <span class='ocr_line' id='line_1_59' title="bbox 927 2310 1104 2344; baseline 0 -1"><span class='ocrx_word' id='word_1_381' title='bbox 927 2310 1104 2344; x_wconf 73' lang='lat' dir='ltr'>sturmen.</span> 
     </span>
    </p>

    <p class='ocr_par' dir='ltr' id='par_1_19' title="bbox 926 2356 1676 2450">
     <span class='ocr_line' id='line_1_60' title="bbox 973 2356 1676 2403; baseline 0.001 -12"><span class='ocrx_word' id='word_1_382' title='bbox 973 2357 1052 2403; x_wconf 69' lang='lat' dir='ltr'>isti]</span> <span class='ocrx_word' id='word_1_383' title='bbox 1074 2356 1133 2391; x_wconf 91' lang='lat' dir='ltr'>die</span> <span class='ocrx_word' id='word_1_384' title='bbox 1154 2357 1399 2392; x_wconf 86' lang='lat' dir='ltr'>umstehende</span> <span class='ocrx_word' id='word_1_385' title='bbox 1417 2358 1562 2403; x_wconf 87' lang='lat' dir='ltr'>Menge,</span> <span class='ocrx_word' id='word_1_386' title='bbox 1584 2359 1676 2392; x_wconf 85' lang='lat' dir='ltr'>statt</span> 
     </span>
     <span class='ocr_line' id='line_1_61' title="bbox 926 2404 1465 2450; baseline 0.004 -11"><span class='ocrx_word' id='word_1_387' title='bbox 926 2405 978 2448; x_wconf 79' lang='lat' dir='ltr'>hi,</span> <span class='ocrx_word' id='word_1_388' title='bbox 1004 2404 1090 2439; x_wconf 84' lang='lat' dir='ltr'>weil</span> <span class='ocrx_word' id='word_1_389' title='bbox 1114 2404 1201 2440; x_wconf 80' lang='lat' dir='ltr'>haee</span> <span class='ocrx_word' id='word_1_390' title='bbox 1225 2405 1465 2450; x_wconf 87' lang='lat' dir='ltr'>vorausgeht.</span> 
     </span>
    </p>
   </div>
   <div class='ocr_carea' id='block_1_10' title="bbox 927 2498 1674 2924">
    <p class='ocr_par' dir='ltr' id='par_1_20' title="bbox 927 2498 1674 2629">
     <span class='ocr_line' id='line_1_62' title="bbox 974 2498 1674 2545; baseline 0 -12"><span class='ocrx_word' id='word_1_391' title='bbox 974 2498 1038 2534; x_wconf 83' lang='lat'><strong>48.</strong></span> <span class='ocrx_word' id='word_1_392' title='bbox 1080 2503 1109 2534; x_wconf 88' lang='lat'>1.</span> <span class='ocrx_word' id='word_1_393' title='bbox 1143 2499 1284 2545; x_wconf 84' lang='lat' dir='ltr'>animo]</span> <span class='ocrx_word' id='word_1_394' title='bbox 1321 2499 1407 2535; x_wconf 89' lang='lat' dir='ltr'><strong>Abl.</strong></span> <span class='ocrx_word' id='word_1_395' title='bbox 1439 2499 1566 2543; x_wconf 68' lang='lat' dir='ltr'>limit,</span> <span class='ocrx_word' id='word_1_396' title='bbox 1605 2499 1674 2534; x_wconf 87' lang='lat' dir='ltr'>wie</span> 
     </span>
     <span class='ocr_line' id='line_1_63' title="bbox 928 2545 1673 2589; baseline 0.001 -9"><span class='ocrx_word' id='word_1_397' title='bbox 928 2545 994 2589; x_wconf 82' lang='lat'>25,</span> <span class='ocrx_word' id='word_1_398' title='bbox 1022 2549 1084 2589; x_wconf 83' lang='lat'>39,</span> <span class='ocrx_word' id='word_1_399' title='bbox 1112 2549 1135 2580; x_wconf 85' lang='lat'>4</span> <span class='ocrx_word' id='word_1_400' title='bbox 1166 2547 1343 2582; x_wconf 70' lang='lat' dir='ltr'>alienatos</span> <span class='ocrx_word' id='word_1_401' title='bbox 1373 2548 1554 2588; x_wconf 80' lang='lat' dir='ltr'>sensibus,</span> <span class='ocrx_word' id='word_1_402' title='bbox 1587 2547 1673 2581; x_wconf 84' lang='lat' dir='ltr'>Tac.</span> 
     </span>
     <span class='ocr_line' id='line_1_64' title="bbox 927 2595 1607 2636; baseline 0.003 -9"><span class='ocrx_word' id='word_1_403' title='bbox 927 2595 1160 2636; x_wconf 83' lang='grc' dir='ltr'>Α1111.2,28</span> <span class='ocrx_word' id='word_1_404' title='bbox 1186 2605 1261 2628; x_wconf 86' lang='lat' dir='ltr'>non</span> <span class='ocrx_word' id='word_1_405' title='bbox 1286 2595 1390 2629; x_wconf 80' lang='lat' dir='ltr'>vultu</span> <span class='ocrx_word' id='word_1_406' title='bbox 1416 2595 1607 2629; x_wconf 71' lang='lat' dir='ltr'>alienatus.</span> 
     </span>
    </p>

    <p class='ocr_par' dir='ltr' id='par_1_21' title="bbox 927 2641 1674 2733">
     <span class='ocr_line' id='line_1_65' title="bbox 976 2641 1674 2687; baseline 0.001 -13"><span class='ocrx_word' id='word_1_407' title='bbox 976 2641 1024 2675; x_wconf 81' lang='lat' dir='ltr'>ad</span> <span class='ocrx_word' id='word_1_408' title='bbox 1045 2641 1248 2687; x_wconf 81' lang='lat' dir='ltr'>libidinem]</span> <span class='ocrx_word' id='word_1_409' title='bbox 1271 2654 1334 2676; x_wconf 89' lang='lat' dir='ltr'>zur</span> <span class='ocrx_word' id='word_1_410' title='bbox 1354 2641 1572 2677; x_wconf 86' lang='lat' dir='ltr'>Sinnenlust</span> <span class='ocrx_word' id='word_1_411' title='bbox 1591 2641 1674 2676; x_wconf 90' lang='lat' dir='ltr'>hin-</span> 
     </span>
     <span class='ocr_line' id='line_1_66' title="bbox 927 2686 1647 2733; baseline 0.001 -11"><span class='ocrx_word' id='word_1_412' title='bbox 927 2687 1105 2733; x_wconf 75' lang='lat' dir='ltr'>gerisseu,</span> <span class='ocrx_word' id='word_1_413' title='bbox 1133 2686 1250 2723; x_wconf 81' lang='lat' dir='ltr'>ausser</span> <span class='ocrx_word' id='word_1_414' title='bbox 1275 2689 1356 2723; x_wconf 87' lang='lat' dir='ltr'>sich</span> <span class='ocrx_word' id='word_1_415' title='bbox 1381 2699 1447 2723; x_wconf 85' lang='lat' dir='ltr'>vor</span> <span class='ocrx_word' id='word_1_416' title='bbox 1472 2689 1647 2724; x_wconf 83' lang='lat' dir='ltr'>Wollust.</span> 
     </span>
    </p>

    <p class='ocr_par' dir='ltr' id='par_1_22' title="bbox 927 2735 1674 2924">
     <span class='ocr_line' id='line_1_67' title="bbox 974 2735 1674 2781; baseline 0.001 -11"><span class='ocrx_word' id='word_1_417' title='bbox 974 2735 1099 2781; x_wconf 75' lang='lat' dir='ltr'>neqat]</span> <span class='ocrx_word' id='word_1_418' title='bbox 1128 2735 1216 2771; x_wconf 79' lang='lat' dir='ltr'>ubel</span> <span class='ocrx_word' id='word_1_419' title='bbox 1241 2737 1486 2781; x_wconf 84' lang='lat' dir='ltr'>angewendet</span> <span class='ocrx_word' id='word_1_420' title='bbox 1511 2739 1555 2771; x_wconf 86' lang='lat' dir='ltr'>st.</span> <span class='ocrx_word' id='word_1_421' title='bbox 1581 2737 1674 2772; x_wconf 76' lang='lat' dir='ltr'>dicit</span> 
     </span>
     <span class='ocr_line' id='line_1_68' title="bbox 927 2783 1672 2825; baseline 0.003 -8"><span class='ocrx_word' id='word_1_422' title='bbox 927 2794 1022 2825; x_wconf 82' lang='lat' dir='ltr'>non,</span> <span class='ocrx_word' id='word_1_423' title='bbox 1061 2783 1109 2817; x_wconf 88' lang='lat' dir='ltr'>da</span> <span class='ocrx_word' id='word_1_424' title='bbox 1145 2795 1213 2817; x_wconf 87' lang='lat' dir='ltr'>nur</span> <span class='ocrx_word' id='word_1_425' title='bbox 1252 2784 1317 2818; x_wconf 86' lang='lat' dir='ltr'>der</span> <span class='ocrx_word' id='word_1_426' title='bbox 1355 2788 1452 2819; x_wconf 89' lang='lat' dir='ltr'>erste</span> <span class='ocrx_word' id='word_1_427' title='bbox 1490 2783 1570 2819; x_wconf 86' lang='lat' dir='ltr'>Teil</span> <span class='ocrx_word' id='word_1_428' title='bbox 1608 2785 1672 2819; x_wconf 84' lang='lat' dir='ltr'>des</span> 
     </span>
     <span class='ocr_line' id='line_1_69' title="bbox 928 2830 1672 2877; baseline 0.001 -12"><span class='ocrx_word' id='word_1_429' title='bbox 928 2830 1166 2875; x_wconf 66' lang='lat' dir='ltr'>abhangigen</span> <span class='ocrx_word' id='word_1_430' title='bbox 1199 2830 1326 2866; x_wconf 85' lang='lat' dir='ltr'>Satzes</span> <span class='ocrx_word' id='word_1_431' title='bbox 1361 2831 1531 2867; x_wconf 88' lang='lat' dir='ltr'>verneint</span> <span class='ocrx_word' id='word_1_432' title='bbox 1567 2830 1672 2877; x_wconf 88' lang='lat' dir='ltr'>wird,</span> 
     </span>
     <span class='ocr_line' id='line_1_70' title="bbox 928 2878 1509 2924; baseline 0.003 -12"><span class='ocrx_word' id='word_1_433' title='bbox 928 2878 992 2913; x_wconf 88' lang='lat' dir='ltr'>der</span> <span class='ocrx_word' id='word_1_434' title='bbox 1019 2878 1148 2913; x_wconf 83' lang='lat' dir='ltr'>zweite</span> <span class='ocrx_word' id='word_1_435' title='bbox 1173 2879 1263 2914; x_wconf 87' lang='lat' dir='ltr'>aber</span> <span class='ocrx_word' id='word_1_436' title='bbox 1287 2879 1425 2924; x_wconf 84' lang='lat' dir='ltr'>positiv</span> <span class='ocrx_word' id='word_1_437' title='bbox 1450 2878 1509 2914; x_wconf 87' lang='lat' dir='ltr'>ist.</span> 
     </span>
    </p>
   </div>
  </div>
 </body>
</html>
