1799 3105
93 95 176 136 102
635 95 779 130 LIBER
803 96 867 130 III.
919 95 1021 131 CAP.
1049 99 1104 130 62.
1452 113 1477 131 a.
1497 113 1526 132 u.

1549 113 1573 132 c.
1595 107 1657 134 305.

100 204 270 247 hostem
303 204 530 258 insultare3
576 204 747 259 quando
780 207 924 246 autem
957 218 1020 257 se,
1065 204 1101 244 si
1137 206 1229 245 tum
1267 219 1355 246 non
1388 205 1492 259 sint,
1535 219 1660 260 pares

44 279 63 310 2
91 263 289 306 hostibus
330 263 452 306 fore?
497 263 572 304 ubi
615 263 720 305 haec
765 264 946 305 fremere
990 263 1172 304 militem
1215 264 1259 305 in
1304 265 1456 306 castris
1502 266 1651 307 consul

89 324 234 378 sensit,
255 324 455 365 contione
475 323 683 365 advocata
709 323 851 378 ‘quem
873 323 926 365 ad
946 321 1134 364 modum'
1156 323 1298 377 inquit
1323 323 1383 365 ‘in
1404 324 1562 380 Algido
1588 339 1657 367 res

89 386 212 438 gesta
245 383 317 437 sit,
350 383 537 424 arbitror
567 397 664 437 vos,
695 383 874 438 milites,
908 382 1091 424 audisse.
1152 382 1322 437 qualem
1348 383 1477 424 liberi
1509 384 1658 438 populi

90 443 322 484 exercitum
371 442 516 484 decuit
559 456 669 497 esse,
713 443 812 484 talis
864 442 961 484 fuit.
1023 441 1201 484 consilio
1247 443 1455 498 collegae,
1498 443 1658 485 virtute

43 521 63 552 3
91 502 279 543 militum
313 501 496 544 victoria
520 503 648 556 parta
674 505 751 545 est.
796 502 910 557 quod
938 501 991 543 ad
1017 516 1085 543 me
1112 502 1280 555 attinet,
1305 502 1348 543 id
1375 501 1543 544 consilii
1570 503 1659 544 ani-

91 562 232 616 mique
264 561 491 602 habiturus
525 576 633 616 sum,
666 561 779 617 quod
805 576 882 603 vos
910 561 1017 602 mihi
1043 561 1243 603 feceritis.
1286 563 1328 602 et
1352 561 1468 603 trahi
1495 561 1656 604 bellum

42 640 63 671 4
93 619 322 662 salubriter
354 623 396 662 et
427 623 593 662 mature
626 621 771 676 perfici
803 623 960 676 potest.
1011 621 1047 662 si
1078 620 1338 662 trahendum
1371 623 1448 675 est,
1485 634 1578 677 ego,
1609 624 1658 663 ut

90 680 132 721 in
166 679 254 722 dies
276 695 372 735 spes
392 680 614 735 virtusque
643 684 786 723 vestra
806 682 980 731 crescat,
1015 680 1174 735 eadem,
1207 694 1291 735 qua
1321 680 1501 735 institui,
1532 680 1658 723 disci-

84 739 204 794 plina
237 739 439 795 efficiam,
473 740 507 781 si
540 741 626 782 iam
659 741 763 782 satis
797 740 928 781 animi
960 741 1027 781 est
1062 740 1314 795 decernique
1348 740 1509 794 placet,
1544 739 1657 796 agite

86 799 198 853 dum,
231 800 480 854 clamorem,
514 800 684 854 qualem
717 800 763 841 in
796 800 884 841 acie
918 799 1133 841 sublaturi
1159 800 1281 852 estis,
1317 799 1458 842 tollite
1491 799 1562 842 hic
1594 800 1656 841 in-

39 877 59 910 5
88 858 225 900 dicem
257 859 494 901 voluntatis
537 859 794 914 virtutisque
839 858 1035 901 vestrae.²
1098 861 1330 914 postquam
1367 859 1533 914 ingenti
1572 859 1657 901 ala-

86 918 237 960 critate
269 919 431 961 clamor
463 921 530 961 est
561 919 769 973 sublatus,
801 919 914 973 quod
940 919 1049 960 bene
1075 921 1226 972 vertat,
1251 921 1475 973 gesturum
1503 933 1548 960 se
1569 918 1655 960 illis

85 992 248 1020 morem
274 981 534 1034 posteroque
562 979 629 1020 die
655 979 701 1020 in
722 979 857 1020 aciem
878 977 1158 1020 deducturum
1180 977 1389 1019 adfirmat.
1439 977 1656 1033 reliquum

86 1037 169 1079 diei
201 1037 463 1093 apparandis
496 1038 627 1080 armis
660 1040 967 1093 consumptum
1001 1039 1079 1080 est.

42 1117 62 1148 6
208 1096 388 1140 Postero
422 1098 491 1139 die
523 1097 653 1139 simul
685 1097 841 1139 instrui
880 1096 1123 1139 Romanam
1162 1096 1298 1138 aciem
1332 1094 1480 1138 Sabini
1518 1095 1662 1138 videre

92 1159 134 1198 et
163 1157 259 1212 ipsi,
291 1157 378 1198 iam
410 1157 574 1212 pridem
606 1157 722 1198 avidi
748 1157 1005 1212 certaminis,
1031 1156 1280 1211 procedunt.
1326 1156 1539 1210 proelium
1565 1155 1659 1211 fuit,

65 1217 212 1271 ,quale
244 1217 357 1258 inter
387 1217 566 1258 fidentes
601 1217 773 1258 sibimet
803 1217 931 1259 ambo
966 1216 1187 1270 exercitus,
1219 1215 1377 1257 veteris
1404 1218 1656 1270 perpetuae-

39 1267 168 1331 7³÷que
196 1276 379 1319 alterum
408 1276 592 1331 gloriae,
626 1277 810 1318 alterum
830 1291 944 1318 nova
969 1290 1106 1330 nuper
1129 1274 1312 1316 victoria
1338 1274 1512 1317 elatum.
1557 1289 1658 1317 con-

88 1335 184 1377 silio
217 1336 349 1378 etiam
382 1334 532 1378 Sabini
563 1336 676 1378 vires
710 1336 928 1390 adiuvere3
959 1350 1060 1377 nam
1093 1349 1189 1377 cum
1222 1337 1479 1390 aequassent
1512 1334 1661 1389 aciem,

87 1395 170 1437 duo
198 1398 319 1438 extra
346 1395 542 1438 ordinem
568 1396 706 1449 milia,
739 1410 847 1450 quae
878 1396 925 1437 in
951 1395 1175 1436 sinistrum
1201 1408 1334 1436 cornu
1361 1393 1659 1436 Romanorum

37 1475 58 1506 g
84 1454 129 1496 in
171 1456 266 1509 ipso
305 1455 540 1497 certamine
578 1455 905 1510 impressionem
943 1454 1153 1508 facerent,
1194 1456 1381 1494 tenuere.
1445 1468 1553 1508 quae
1585 1453 1660 1495 ubi

84 1514 234 1556 inlatis
276 1529 327 1556 ex
358 1517 605 1556 transverso
639 1515 775 1570 signis
807 1514 1101 1570 degravabant
1143 1527 1279 1568 prope
1321 1513 1659 1555 circumventum

87 1588 233 1629 cornu,
255 1575 422 1629 equites
450 1574 631 1616 duarum
650 1575 871 1629 legionum
893 1573 1076 1615 sescenti
1101 1572 1190 1614 fere
1217 1586 1268 1613 ex
1289 1572 1411 1627 equis
1439 1571 1657 1623 desiliunt,

85 1633 419 1688 cedentibusque
451 1634 538 1675 iam
572 1634 658 1675 suis
685 1633 914 1688 provolant
939 1633 983 1674 in
1009 1633 1208 1687 primum,
1236 1631 1448 1686 simulque
1475 1633 1518 1673 et
1540 1631 1657 1673 hosti

86 1707 130 1734 se
164 1696 390 1748 opponunt
420 1696 463 1734 et
495 1696 676 1748 aequato
709 1693 896 1748 primum
929 1691 1140 1747 periculo,
1178 1690 1342 1746 pudore
1381 1690 1532 1732 deinde
1565 1691 1654 1732 ani-

956 1820 1051 1844 nova
1060 1819 1178 1853 nuper
1187 1807 1359 1854 victoria]
1370 1806 1657 1853 Wortstellung,

909 1856 979 1891 wie
1011 1857 1102 1901 Kap.
1131 1860 1192 1899 66,
1227 1859 1247 1890 2
1282 1856 1387 1891 novis
1417 1866 1552 1899 semper
1584 1865 1657 1890 cer-

914 1905 1124 1940 torminibus.

953 1956 983 1987 7.
997 1953 1207 1997 aequassent
1215 1950 1342 1996 aciem]
1356 1950 1451 1985 ‘ihre
1462 1949 1655 1984 Schlacht-

910 1999 1012 2034 reihe
1051 1998 1265 2044 gleichweit
1303 1996 1536 2042 ausgedehnt
1571 1996 1653 2031 hat—

909 2047 1003 2088 ten’,
1030 2047 1099 2081 wie
1125 2045 1184 2080 die
1203 2045 1350 2080 Romer.

954 2097 1060 2129 extra
1084 2092 1263 2138 ordinem]
1290 2090 1407 2127 ausser
1436 2091 1501 2126 der
1527 2090 1656 2135 Reihe,

133 1814 165 1845 3.
193 1811 340 1846 consilii
360 1810 560 1856 animique]
579 1810 600 1844 J
604 1821 623 1844 e
637 1809 734 1844 nach
750 1810 835 1844 dem

86 1857 292 1893 Verhalten
337 1858 403 1893 der
442 1858 623 1893 Soldaten
661 1857 729 1892 hat
771 1858 836 1892 der

86 1905 229 1940 Konsul
264 1905 436 1941 Einsicht
474 1905 563 1940 oder
598 1905 680 1940 Mut
717 1905 836 1950 notig,

86 1953 199 1988 n'aml.
225 1954 383 1997 erstere,
409 1954 443 1988 si
468 1954 597 1988 bellum
620 1953 837 1988 trahendum

86 2004 156 2044 est,
182 2001 373 2044 letzteren,
399 2002 432 2036 si
457 2002 602 2036 decerni
621 2002 752 2045 placet.

135 2053 167 2084 4.
212 2049 430 2094 disciplina]
472 2049 482 2065 ²
497 2049 567 2083 Art
601 2049 665 2083 der
706 2047 836 2093 Krieg-

86 2095 286 2141 ffihrung’,
312 2095 383 2131 wie
410 2097 463 2131 sie
488 2095 582 2140 Kap.
611 2100 673 2140 61,
703 2099 744 2130 12
771 2106 833 2140 ge-

88 2143 269 2178 schildert
294 2143 430 2178 wurde.

134 2191 292 2236 decerna]
316 2208 360 2219 =
381 2191 558 2226 decertari
565 2204 578 2233 ;
611 2190 746 2225 ebenso
773 2189 833 2233 21,

86 2242 143 2282 41,
171 2242 209 2280 53
243 2238 340 2272 oster
366 2237 436 2272 mit
467 2238 551 2272 dem
577 2237 724 2272 Beisatz
756 2239 834 2272 acie

87 2286 136 2330 (1,
166 2290 220 2329 15,
247 2289 284 2328 3;
312 2285 347 2327 2,
377 2289 430 2328 14,
457 2289 496 2328 63
522 2285 583 2328 36,
612 2289 666 2328 17,
695 2286 763 2329 16).

135 2333 306 2379 indicem]
327 2331 504 2367 zuweilen
524 2343 598 2367 von
619 2332 763 2367 Sachen
790 2334 833 2369 st.

86 2382 267 2416 indicium
294 2381 343 2426 (9,
371 2384 429 2423 23,
451 2384 511 2424 143
539 2379 598 2423 23,
627 2384 684 2424 46,
712 2384 749 2423 23
777 2379 836 2423 36,

137 2457 169 2511 ἐ).
183 2430 278 2522 guod
286 2476 370 2511 bene
378 2475 510 2522 vertat]
521 2475 604 2520 Vgl.
615 2474 731 2521 zussp.
742 2478 834 2518 26,9.

136 2523 389 2569 deducturum]
417 2524 530 2558 n‘aml.
558 2533 626 2558 eos.
659 2521 836 2557 Ublicher

88 2574 187 2606 w'are
202 2572 415 2607 educturum
430 2571 522 2614 (scil.
538 2582 555 2605 e
568 2571 723 2614 castris).
744 2569 834 2604 Ver—

89 2619 244 2654 mutlich
259 2619 391 2654 hatten
412 2618 471 2653 die
489 2618 625 2652 Ro'mer
644 2617 703 2652 ihr
715 2617 835 2662 Lager

92 2666 158 2700 auf
168 2666 270 2701 einer
279 2666 434 2701 Anhohe
451 2666 541 2711 (vgl.
557 2677 600 2700 zu
611 2665 702 2710 Kap.
718 2669 774 2708 60,
787 2668 834 2709 9).

140 2718 171 2748 6.
198 2713 319 2759 quale]
348 2713 548 2758 elliptisch,
570 2729 614 2741 =
633 2713 739 2758 quale
765 2723 836 2747 esse

90 2761 224 2795 debuit.

138 2809 285 2850 fidentes
309 2807 466 2853 sibimet]
494 2806 650 2842 ‘welche
676 2806 754 2842 sich
775 2806 841 2841 auf

92 2854 171 2888 sich
187 2855 304 2889 selbst
315 2854 515 2895 verliessen,
531 2854 608 2889 voll
621 2854 837 2890 Zuversicht

91 2902 244 2936 waren’.

909 2140 1269 2184 Schlachtordnung.

955 2192 987 2224 8.
1032 2188 1162 2223 inlatis
1198 2198 1242 2222 ex
1279 2190 1484 2221 transverso
1520 2185 1654 2232 signis]

910 2236 1027 2271 durch
1053 2235 1160 2270 einen
1186 2233 1502 2278 Flankenangriff.

954 2282 1217 2329 degravabant]
1241 2281 1347 2317 Nach
1366 2281 1432 2316 ubi
1457 2280 1540 2324 (wie
1561 2281 1657 2316 nach

906 2335 948 2366 ut
973 2330 1066 2375 Kap.
1095 2334 1158 2373 20,
1192 2333 1211 2364 6
1244 2329 1320 2364 und
1339 2331 1535 2374 postquam
1560 2328 1654 2374 Kap.

911 2381 967 2422 38,
996 2380 1054 2423 12)
1079 2377 1198 2412 findet
1223 2377 1302 2412 sich
1328 2376 1395 2411 das
1420 2375 1569 2420 Imperf.
1597 2387 1656 2410 zu-

911 2426 1044 2460 weilen
1070 2425 1130 2461 bei
1155 2424 1283 2460 Livius
1309 2436 1372 2459 zur
1397 2423 1655 2468 Bezeichnung

910 2473 1011 2508 einer
1031 2471 1270 2518 einmaligen,
1290 2472 1379 2507 aber
1391 2469 1656 2506 andauernden

909 2520 1129 2566 Handlung,
1157 2521 1292 2555 ebenso
1319 2519 1379 2554 bei
1406 2517 1564 2562 Sallust,
1593 2517 1653 2552 nie

909 2569 970 2603 bei
995 2567 1135 2603 Cicero.

951 2615 1160 2661 provolant]
1188 2614 1271 2659 Vgl.
1299 2625 1343 2648 zu
1368 2612 1460 2656 Kap.
1484 2613 1538 2655 18,
1565 2614 1596 2645 9.

956 2667 1108 2708 aequato
1134 2660 1319 2707 periculo]
1356 2659 1539 2701 dadurch‚
1578 2656 1654 2693 dass

910 2711 962 2745 sie
983 2710 1062 2745 sich
1073 2710 1111 2745 in
1126 2709 1292 2755 gleicher
1301 2707 1426 2741 Weise
1438 2706 1503 2740 der
1516 2704 1655 2741 Gefahr

909 2758 1129 2802 auesetzten,
1155 2756 1225 2791 wie
1251 2756 1317 2790 das
1342 2751 1523 2788 Fussvolk.

951 2805 1110 2852 pudore]
1148 2802 1279 2838 ‘durch
1317 2801 1384 2836 das
1416 2799 1653 2845 Ehrgefi‘ihl’‚

910 2853 961 2887 im
976 2852 1189 2897 Folgenden
1204 2850 1360 2885 erkl‘art:
1386 2847 1461 2882 Das
1484 2846 1654 2882 Fussvolk

913 2901 1081 2934 schamte
1105 2897 1194 2941 sich,
1213 2896 1390 2931 wahrend
1410 2894 1471 2929 die
1492 2895 1652 2931 Reiterei
