1799 3105
86 92 113 110 a.
135 85 204 112 σω.
223 93 252 111 n.
272 86 334 112 449.
640 76 781 112 LIBER
807 77 870 112 ΙΙΙ.
922 77 1022 113 ΟΑΡ.
1049 83 1105 115 58.

1600 82 1656 123 97

91 187 218 229 unius
260 188 406 230 odium
444 187 675 228 multorum
715 201 862 242 preces
907 190 1251 242 aspernarentur.
1315 202 1359 229 se
1401 204 1569 245 quoque
1613 190 1655 232 id
1681 202 1703 232 4

91 247 236 302 generi
269 261 317 289 ac
348 246 513 289 nomini
545 246 644 287 dare
683 260 760 288 nec
798 261 893 288 cum
933 261 982 288 eo
1023 247 1069 288 in
1100 247 1284 302 gratiam
1323 247 1500 303 redisse,
1538 249 1656 291 cuius

89 306 291 348 adversae
323 306 522 348 fortunae
569 305 671 347 velit
703 320 960 348 succursum.
1022 307 1179 348 virtute
1211 307 1455 349 libertatem
1487 322 1657 363 recupe-

90 367 230 407 ratam
264 380 374 421 esse3
409 365 637 407 clementia
670 365 942 406 concordiam
976 365 1174 407 ordinum
1207 366 1395 408 stabiliri
1426 382 1565 421 posse.

207 425 364 480 Erant,
412 439 518 480 quos
550 426 740 466 moveret
772 439 848 465 sua
880 425 1018 480 magis
1056 425 1218 479 pietate
1257 440 1384 481 quam
1423 426 1530 480 eius,
1575 442 1653 481 pro
1681 439 1700 470 5

89 498 174 539 quo
207 485 383 540 agebat,
425 498 570 537 causa3
613 483 686 524 sed
717 482 952 538 Verginius
993 484 1059 525 sui
1090 484 1235 538 potius
1271 488 1319 527 ut
1349 486 1656 528 misererentur

92 543 246 585 orabat
276 544 490 598 filiaeque,
528 556 606 584 nec
644 542 788 597 gentis
827 541 1031 584 Claudiae
1068 557 1247 599 regnum
1287 545 1332 586 in
1364 545 1534 600 plebem
1568 560 1655 588 sor-

91 603 217 658 titae,
254 603 327 645 sed
360 601 697 644 necessariorum
731 600 981 657 Verginiae,
1019 603 1149 644 trium
1187 604 1478 659 tribunorum,
1509 620 1655 659 preces

92 662 311 717 audirent,
344 662 416 716 qui
448 661 500 703 ad
534 661 740 702 auxilium
772 661 909 715 plebis
942 662 1072 703 creati
1098 662 1182 716 ipsi
1207 663 1345 717 plebis
1371 664 1499 705 fidem
1526 667 1654 720 atque

93 721 298 763 auxilium
317 721 613 776 implorarent.
656 719 857 762 iustiores
876 720 960 762 hae
979 721 1182 763 lacrimae
1208 722 1474 765 videbantur.
1511 724 1656 779 itaque
1684 736 1703 766 6

92 795 168 835 spe
199 780 357 835 1119133,
401 780 650 834 priusquam
682 779 877 834 prodicta
915 780 1004 822 dies
1045 781 1229 835 adesset,
1268 782 1435 836 Appius
1474 786 1657 825 mortem

91 840 174 882 sibi
207 840 426 882 conscivit.

211 898 399 942 Subinde
436 901 631 953 arreptus
677 913 701 940 a
746 897 791 941 P.
823 897 1067 941 Numitorio
1101 898 1171 954 Sp.
1205 899 1388 955 Oppius,
1432 902 1701 955 proximus?

88 958 293 1014 invidiae,
325 957 438 1014 quod
469 958 514 1000 in
539 958 643 1000 urbe
669 958 827 1013 fuerat,
860 973 956 1000 911111
982 958 1168 1001 1111113139
1194 959 1403 1002 vindiciae
1433 975 1457 1001 a
1487 961 1655 1017 collega

88 1018 341 1060 dicerentur.
396 1018 493 1073 plus
520 1023 666 1059 tamen
692 1017 806 1059 facta
831 1017 988 1059 iniuria
1008 1017 1148 1073 Oppio
1176 1033 1305 1074 quam
1324 1034 1414 1062 non
1433 1020 1652 1074 prohibita
1682 1034 1701 1064 S

88 1077 274 1119 invidiae
295 1077 408 1119 fecit.
451 1077 575 1119 testis
602 1077 849 1132 productus,
875 1077 948 1132 qui
973 1081 1136 1132 septem
1157 1080 1199 1120 et
1218 1078 1373 1134 viginti
1394 1081 1654 1122 enumeratis

88 1137 316 1192 stipendiis
351 1137 514 1178 octiens
543 1139 663 1178 extra
695 1136 887 1178 ordinem
920 1136 1104 1179 donatus
1132 1138 1327 1193 donaque
1354 1153 1404 1180 ea
1430 1153 1585 1194 gerens
1612 1141 1657 1181 in

88 1198 322 1252 conspectu
346 1196 512 1250 populi,
543 1196 678 1237 scissa
703 1198 821 1237 veste
847 1198 1017 1251 tergum
1043 1197 1277 1239 laceratum
1304 1198 1440 1254 virgis
1468 1199 1657 1241 ostendit

86 1255 272 1302 nihilum
311 1255 562 1310 deprecans,
606 1255 728 1310 quin,
774 1256 809 1296 si
848 1271 977 1311 quam
1023 1271 1143 1297 suam
1175 1271 1332 1299 noxam
1371 1272 1468 1299 reus
1517 1258 1656 1300 dicere

86 1317 252 1370 posset,
283 1315 478 1369 privatus
510 1314 669 1356 iterum
702 1315 748 1356 in
782 1329 825 1356 se
859 1315 1054 1357 saeviret.
1105 1315 1268 1371 Oppius
1303 1331 1471 1372 quoque
1504 1317 1655 1360 ductus
1683 1330 1702 1362 9

87 1375 132 1416 in
162 1374 334 1416 vincula
367 1376 433 1415 931
465 1376 508 1415 91
541 1376 638 1416 31119
671 1374 817 1416 iudicii
850 1374 961 1416 diem
994 1375 1123 1416 finem
1155 1376 1217 1417 ibi
1243 1376 1357 1418 vitae
1383 1376 1495 1419 fecit.
1542 1377 1657 1420 bona

86 1432 240 1476 Claudi
266 1432 463 1488 Oppique
482 1433 646 1475 tribuni
665 1433 951 1488 publicavere.
1002 1435 1195 1490 collegae
1222 1450 1370 1477 eorum
1392 1436 1508 1478 exilii
1529 1451 1656 1479 causa

87 1493 228 1535 solum
253 1495 495 1547 verterunt3
521 1493 635 1535 bona
660 1493 883 1548 publicata
910 1496 1022 1535 sunt.
1071 1496 1113 1536 et
1138 1493 1193 1536 M.
1215 1493 1432 1550 Claudius,
1459 1496 1655 1539 adsertor
1684 1509 1727 1540 10

86 1551 334 1608 Verginiae,
366 1552 433 1593 die
454 1526 569 1595 111913
588 1553 847 1594 1131111131113
836 1567 929 1608 ipso
956 1554 1202 1595 remittente
1222 1554 1430 1610 Verginio
1456 1556 1656 1598 ultimam

89 1626 273 1667 poenam
313 1612 514 1654 dimissus
547 1612 683 1654 Tibur
722 1613 939 1661 exulatum
973 1613 1096 1668 abiit3
1137 1629 1370 1669 manesque
1408 1614 1654 1671 Verginiae,
1684 1629 1724 1658 11

89 1674 283 1713 mortuae
328 1686 457 1726 quam
496 1671 619 1713 vivae
663 1672 888 1726 felicioris,
932 1687 1010 1727 per
1049 1675 1116 1714 tot
1162 1673 1311 1715 domos
1352 1674 1404 1715 ad
1448 1675 1655 1729 petendas

86 1745 248 1785 poenas
281 1731 429 1785 vagati
460 1731 579 1772 nullo
612 1732 764 1774 relicto
798 1734 920 1773 sonte
952 1732 1128 1773 tandem
1162 1733 1424 1787 quieverunt.

86 1823 152 1857 der
182 1821 296 1858 blosse
331 1822 441 1868 Konj.
475 1823 570 1858 ohne
602 1827 661 1867 ut,
700 1824 836 1859 ebenso

911 1826 988 1859 erte
1030 1835 1113 1859 vom
1150 1829 1203 1861 18.
1237 1825 1294 1861 bis
1326 1831 1382 1862 44.
1416 1827 1656 1873 Lebensjahr,

90 1869 183 1915 Kap.
212 1875 276 1912 45,
304 1874 326 1904 4
351 1871 448 1905 113911
473 1872 590 1916 mayis
618 1900 625 1906 .
647 1900 654 1906 .
677 1899 684 1907 .
717 1883 837 1916 quam,

911 1875 953 1906 27
982 1871 1124 1918 Dienstj
1129 1873 1228 1908 ahre.

88 1917 267 1953 wahrend
286 1921 328 1953 ut
349 1919 452 1953 sonst
468 1919 564 1953 nach
582 1918 702 1954 einem
725 1919 836 1954 Kom-

89 1964 238 2011 parativ
264 1965 333 2000 mit
364 1977 473 2010 quam
509 1966 693 2001 durchaus
720 1966 837 2012 Rege]

84 2013 146 2048 ist.

136 2065 168 2095 4.
197 2060 253 2106 id]
281 2059 356 2096 dass
382 2072 422 2096 er
446 2061 505 2095 fur
530 2060 595 2096 ihn
620 2060 728 2097 bitte.

85 2108 240 2201 Kdare]
277 2109 497 2154 gewahren,
535 2108 678 2144 zuliebe
724 2109 836 2153 thun3

122 2167 143 2190 a
208 2160 266 2201 71,
292 2159 324 2190 5.

135 2168 237 2249 vpelit]
270 2204 348 2238 volo
379 2215 588 2240 succursum
628 2204 713 2248 (mit
749 2204 837 2240 oder

89 2250 184 2285 ohne
210 2252 294 2295 esse)
320 2251 516 2287 bedentet·
552 2251 613 2286 ich
649 2252 835 2296 wunsche,

88 2295 163 2332 dass
187 2296 366 2332 Beistand
392 2299 567 2343 geleistet
592 2300 724 2336 werde.

138 2348 171 2380 5.
186 2345 339 2392 pietate]
355 2345 714 2392 Verwandtenliebe,
737 2346 834 2382 Teil-

86 2392 234 2426 nahme.

134 2439 214 2485 uec]
241 2438 325 2484 Vgl.
353 2451 397 2473 zu
424 2440 514 2486 Kap.
543 2445 598 2485 52,
627 2445 682 2476 11.

134 2487 300 2533 sortitae]
343 2487 517 2522 ‘welches
538 2517 545 2524 .
576 2517 582 2524 .
605 2517 612 2524 .
634 2488 689 2524 als
733 2489 835 2525 seine

87 2533 347 2580 Bestimmung
361 2535 527 2570 ansehe'.
553 2536 626 2570 Der
639 2535 834 2571 Ausdruck

87 2581 138 2616 ist
153 2582 443 2627 hergenommen
457 2593 530 2618 von
544 2582 608 2617 der
624 2583 836 2628 Verlosung

89 2629 155 2663 der
181 2630 384 2665 Provinzen
413 2630 502 2675 (vgl.
529 2643 572 2664 zu
598 2631 690 2675 Kap.
718 2635 758 2675 2,
785 2632 833 2675 2).

137 2680 168 2712 7.
195 2677 237 2712 iu
262 2678 350 2712 urbe
375 2678 513 2724 fuerat]
547 2677 631 2723 Vgl.
658 2677 750 2723 Kap.
778 2682 834 2722 41,

91 2727 135 2758 10
161 2736 197 2759 u.
225 2728 281 2768 49,
306 2728 337 2760 6.

136 2774 172 2806 8.
197 2772 378 2819 invidiae]
405 2772 494 2808 Gen.
513 2785 557 2808 zu
570 2774 668 2818 plus.
690 2794 731 2798 -
748 2784 835 2818 pro-

88 2818 234 2864 ductus]
263 2819 342 2854 scil.
369 2824 419 2855 est
447 2833 470 2856 a
495 2820 537 2855 P.
563 2821 785 2856 Numitorio.

137 2867 346 2913 stipendiis]
368 2867 435 2902 Die
453 2868 729 2913 Militarpflicht
746 2868 834 2904 dau-

160 2931 225 2957 Liv.
245 2932 280 2958 B.
299 2934 324 2959 3.

958 1924 1063 1955 extra
1100 1921 1279 1967 ordinem]
1316 1921 1423 1956 nicht
1456 1921 1548 1957 bloss
1588 1923 1658 1958 mit

911 1967 1031 2002 seiner
1061 1966 1267 2014 Abteilung
1303 1980 1533 2014 zusammen,
1574 1982 1656 2006 son-

910 2015 1001 2050 dern
1021 2013 1504 2052 ausserordentlicherweise
1525 1998 1656 2063 ²wegen

911 2063 1032 2098 seiner
1056 2063 1286 2099 besonderen
1314 2064 1542 2110 Tapferkeit.

959 2114 991 2146 9.
1019 2114 1103 2146 ante
1125 2112 1258 2146 iudicii
1276 2112 1387 2158 diem]
1408 2123 1453 2147 an
1474 2113 1655 2148 welohem

910 2156 1143 2193 Numitorius
1170 2159 1252 2194 eine
1279 2159 1399 2195 Strafe
1426 2160 1656 2206 beantragen

909 2205 985 2240 und
1006 2206 1069 2241 das
1083 2206 1183 2241 Volk
1203 2207 1255 2242 sie
1269 2207 1518 2253 genehmigen
1532 2208 1651 2244 sollte.

957 2253 1124 2299 colleyae]
1142 2254 1202 2289 sie
1216 2265 1341 2290 waren
1353 2255 1459 2290 nicht
1469 2255 1655 2291 verhaftet

908 2300 985 2334 und
998 2300 1165 2336 konnten
1187 2302 1265 2337 sich
1286 2303 1403 2338 durch
1422 2301 1653 2349 freiwilliges

908 2347 992 2383 Exil
1028 2349 1114 2383 dem
1145 2348 1299 2385 Gericht
1331 2350 1526 2385 entziehen
1564 2351 1652 2396 (vgl.

907 2395 1000 2441 Καρ
1030 2400 1084 2440 13,
1109 2399 1154 2440 9).

958 2447 1012 2479 10.
1038 2445 1205 2479 ultimam
1223 2444 1397 2491 poenam]
1419 2444 1564 2490 Wegen
1585 2445 1653 2480 sei-

907 2501 972 2525 nes
984 2491 1151 2525 falschen
1162 2491 1381 2537 Zeugnisses
1394 2492 1500 2527 h'atte
1512 2504 1551 2527 er
1558 2493 1655 2527 nach

911 2537 983 2572 den
998 2538 1118 2572 Zwolf
1129 2537 1262 2573 Tafeln
1282 2538 1353 2574 mit
1369 2540 1455 2574 dem
1469 2539 1571 2574 Tode
1591 2550 1654 2585 ge-

909 2585 1172 2620 straftwerden
1183 2585 1331 2621 konnen
1343 2586 1534 2632 (vgl.Kap.
1546 2588 1653 2631 29,7).

957 2635 1011 2666 11.
1038 2633 1176 2679 manes]
1196 2633 1271 2668 Der
1285 2633 1389 2669 Geist
1408 2633 1472 2668 der
1487 2634 1654 2669 Verstor-

909 2679 1030 2714 benen
1065 2683 1171 2714 zu'rnt
1201 2680 1293 2715 fiber
1325 2680 1396 2716 den
1433 2693 1480 2716 an
1505 2681 1564 2716 ihr
1589 2681 1653 2717 be-

908 2737 1106 2772 gangenen
1130 2728 1263 2763 Frevel
1293 2728 1370 2762 und
1402 2729 1547 2764 kommt
1579 2730 1654 2764 erst

908 2774 1003 2809 nach
1022 2773 1305 2810 hinreiohender
1320 2775 1443 2811 Su'hne
1465 2776 1652 2812 zurRuhe.

955 2833 1062 2866 quam
1087 2823 1204 2867 vivae]
1227 2822 1480 2859 unklassische
1491 2824 1653 2860 Verkfir-

908 2880 1006 2914 zung
1032 2870 1075 2904 st.
1102 2881 1210 2915 quam
1235 2871 1318 2906 viva
1344 2871 1477 2914 fuerat.

1349 2933 1368 2964 7
