1799 3105
165 131 220 172 [52
716 124 855 158 LlBEH
886 124 944 158 IV.
990 124 1090 158 CAP.
1117 127 1172 158 35.
1536 137 1721 163 a,u,0‚330‚

122 244 142 274 3
290 236 460 276 Annum
494 235 811 288 insequentem,
844 247 980 286 neque
1014 231 1128 273 bello
1162 231 1266 273 foris
1298 245 1435 286 neque
1469 230 1583 272 domi
1624 230 1733 272 sedi-

169 296 286 336 tione
318 294 550 349 insignem,
583 292 672 333 ludi
706 291 819 332 bello
841 291 931 332 voti
958 291 1165 332 celebrem
1190 294 1232 331 et
1251 290 1521 331 tribunorum
1542 289 1733 331 militum

123 362 144 391 4
172 357 382 409 apparatu
429 356 467 393 et
514 351 795 392 finitimorum
844 364 1048 392 concursu
1093 350 1242 391 fecere.
1310 348 1475 390 tribuni
1518 347 1733 390 consulari

171 414 389 467 potestate
429 414 551 451 erant
590 411 669 464 Ap.
704 408 908 451 Claudius
949 408 1148 463 Crassus,
1200 406 1270 462 Sp.
1315 406 1502 449 Nautius
1547 407 1737 460 Rutilus,

173 472 218 513 L.
255 471 429 524 Sergius
474 468 674 523 Fidenas,
715 467 811 510 Sex.
843 468 978 509 Iulius
1012 467 1143 509 Iulus.
1203 467 1494 521 spectaculum
1533 466 1737 508 comitate

133 534 143 575 ἐ
173 532 301 572 etiam
359 528 621 583 hospitium,
675 527 727 568 ad
779 542 906 582 quam
960 526 1130 581 publice
1185 527 1507 581 consenserant,
1561 524 1736 567 advenis

127 598 146 627 5
174 588 339 645 gratius
371 587 466 628 fuit.
527 590 627 642 post
658 586 781 628 ludos
809 586 1028 628 contiones
1057 585 1284 626 seditiosae
1311 584 1584 626 tribunorum
1617 583 1733 638 plebi

173 650 348 688 fuerunt
381 646 706 701 obiurgantium
740 645 1080 699 multitudinem,
1121 644 1231 698 quod
1265 643 1546 685 admiratione
1579 656 1740 697 eorum,

97 725 129 755 N
173 721 278 761 quos
327 705 507 760 odisset,
558 709 734 760 stupens
778 705 823 746 in
875 706 1048 745 aeterno
1102 718 1146 744 se
1196 703 1292 757 ipsa
1341 705 1510 744 teneret
1561 700 1741 743 servitio

109 762 145 803 'o
176 770 217 806 et
261 779 345 806 non
397 764 523 805 modo
575 764 627 804 ad
680 778 798 818 spem
850 763 1098 804 consulatus
1151 763 1192 802 in
1244 764 1410 816 partem
1457 760 1739 802 revocandam

175 824 367 878 aspirare
401 838 486 865 non
521 824 712 877 auderet,
747 822 818 864 sed
852 837 904 863 ne
937 823 978 862 in
1012 821 1198 862 tribunis
1233 820 1404 875 quidem
1437 819 1624 861 militum
1652 832 1737 860 cre-

175 883 314 937 andis,
348 897 455 937 quae
496 882 741 924 communia
779 883 923 923 essent
960 881 1137 922 comitia
1174 882 1345 934 patrum
1386 893 1434 920 ac
1472 878 1633 933 plebis,
1665 880 1742 919 aut

128 951 145 980 7
175 943 240 983 sui
274 946 348 983 aut
381 956 553 982 suorum
587 941 871 982 meminisset:
917 939 1132 980 desineret
1163 952 1266 992 ergo
1299 937 1464 992 mirari,
1503 951 1576 978 cur
1612 950 1740 978 nemo

136 1037 142 1055 ,
175 1001 224 1043 de
258 1000 492 1042 commodis
526 1000 665 1054 plebis
700 1003 868 1054 agei-etz,
903 1013 951 1040 eo
978 998 1168 1052 impendi
1194 997 1386 1039 laborem
1415 1010 1464 1038 ac
1488 995 1742 1051 periculum,

140 1064 143 1084 ³
175 1060 285 1101 unde
320 1060 655 1101 emolumentum
690 1063 818 1114 atque
850 1059 987 1100 honos
1029 1059 1236 1112 speretur.
1296 1055 1406 1097 nihil
1443 1069 1529 1097 non
1569 1054 1741 1109 adgres-

175 1133 297 1160 suros
330 1119 544 1173 homines,
577 1118 613 1159 si
646 1132 805 1172 inagna
836 1117 1003 1159 conatis
1031 1130 1190 1171 magna
1215 1115 1406 1170 prae-mia
1432 1114 1743 1169 proponantur.

128 1186 148 1217 8
176 1183 224 1220 ut
257 1177 428 1233 quidem
462 1178 621 1232 aliquis
654 1177 853 1218 tribunus
899 1176 1037 1230 plebis
1081 1178 1181 1216 ruat
1225 1188 1372 1216 caecus
1417 1173 1461 1215 in
1506 1172 1744 1214 certamina

177 1237 368 1292 periculo
407 1236 596 1292 ingenti,
639 1236 780 1278 fructu
826 1235 966 1289 nullo,
1011 1250 1060 1275 ex
1106 1233 1259 1289 quibus
1303 1247 1381 1288 pro
1425 1235 1541 1274 certo
1584 1230 1744 1272 habeat

177 1299 341 1351 patres,
374 1295 575 1336 adversus
609 1310 715 1350 quos
749 1294 1002 1349 tetenderit,
1034 1293 1149 1335 bello
1182 1291 1435 1346 inexpiabili
1470 1305 1513 1333 se
1545 1303 1741 1345 persecu-

176 1360 314 1408 turos,
348 1354 461 1408 apud
493 1355 680 1409 plebem,
714 1369 790 1408 pro
824 1369 908 1408 qua
941 1352 1229 1406 dimicaverit,
1260 1351 1395 1392 nihilo
1423 1364 1468 1392 se
1494 1347 1743 1391 honoratio-

131 1423 150 1452 9
177 1429 266 1456 rem
300 1413 412 1467 fore,
443 1427 580 1468 neque
614 1413 874 1467 sperandum
905 1426 1042 1467 neque
1075 1409 1384 1465 postulandum
1411 1423 1515 1450 esse.
1561 1421 1742 1463 magnos

179 1474 345 1514 animos
386 1473 556 1526 magnis
594 1472 829 1513 honoribus
868 1471 971 1512 fieri.
1041 1470 1255 1511 neminem
1294 1483 1338 1510 se
1383 1467 1598 1523 plebeium
1644 1479 1743 1508 con-

178 1535 462 1586 tempturum,
496 1531 568 1572 ubi
607 1531 822 1572 contemni
864 1530 1090 1571 desissent.
1161 1526 1466 1583 experiundam
1499 1540 1589 1568 rem
1622 1525 1743 1567 deni-

179 1605 260 1646 que
281 1592 322 1632 in
344 1604 429 1631 uno
450 1593 525 1631 aut
545 1590 681 1631 altero
710 1604 819 1644 esse,
853 1589 963 1630 sitne
990 1587 1125 1642 aliqui
1150 1586 1345 1642 plebeius
1376 1585 1550 1627 ferendo
1585 1597 1749 1640 magno

1503 1632 1614 1645 „flam-m*
1619 1632 1632 1637 ·›

227 1688 258 1717 3.
286 1683 365 1717 Iudi
403 1683 490 1717 bello
527 1682 614 1727 voti]
654 1686 720 1716 431
761 1694 794 1716 v.
829 1681 929 1724 Clu-‚3

179 1730 270 1775 Kap.
300 1733 355 1772 27,
384 1733 415 1762 1,

227 1782 259 1811 4.
293 1777 364 1821 Ap.
391 1776 584 1822 Claudius]
625 1776 727 1810 Sohn
763 1775 827 1810 des
860 1775 928 1810 De-

179 1824 334 1858 zemvirs
370 1823 478 1868 (Kap.
506 1827 559 1867 36,
589 1825 644 1868 5)3
670 1823 776 1858 nicht
801 1822 930 1857 weiter

180 1871 357 1913 erwahnt,
397 1870 637 1915 desgleichen
676 1870 736 1915 Sp.
769 1869 928 1904 Nautius

178 1919 252 1953 und
282 1917 362 1953 Sex.
390 1917 514 1952 lulius.

227 1966 270 2000 L.
297 1965 457 2011 Sergius]
484 1964 567 2009 Vgl.
595 1976 638 1999 zu
664 1964 757 2010 Kap.
786 1969 839 2008 17,
856 1969 886 2000 7.

227 2024 439 2070 hospitium]
478 2023 567 2059 Gen.
601 2023 699 2059 Plur.
737 2025 830 2058 statt
864 2023 928 2057 des

180 2071 398 2106 fiblicheren
438 2073 478 2114 (z.
506 2071 546 2105 B.
568 2075 599 2115 2,
623 2075 676 2114 14,
699 2075 718 2105 9
758 2070 928 2104 voi-kom-

180 2118 354 2163 menden)
379 2119 569 2163 hospitum.

229 2178 386 2222 yratiusj
401 2177 457 2210 An
478 2176 558 2210 sich
578 2176 692 2211 sehon
709 2176 927 2220 angemhm,

182 2224 306 2258 wurde
334 2223 398 2257 das
415 2223 633 2268 Schauspiel
654 2223 725 2257 den
747 2223 929 2257 Fremden

182 2271 278 2306 noch
300 2271 550 2315 angenehmer
565 2270 681 2304 durch
696 2269 756 2304 die
770 2269 930 2304 Freund-

182 2318 342 2353 lichkeit
367 2317 432 2352 der
457 2316 589 2352 Wirte.

232 2382 262 2412 6.
289 2377 339 2412 acl
361 2387 457 2421 spem
492 2377 700 2411 consulatus
727 2377 768 2410 in
791 2380 932 2421 partem

188 2423 440 2469 revocandam]
464 2420 755 2457 ‘teilzunehmen
788 2434 833 2457 an
868 2423 933 2456 der

183 2471 461 2515 Berechtigung
492 2482 574 2504 zum
608 2469 816 2505 Konsulat’.
848 2469 933 2514 Vgl.

187 2522 216 2562 7,
234 2522 287 2562 22,
305 2523 324 2553 9
346 2529 532 2553 censuram
556 2529 693 2562 quoque
717 2519 759 2552 in
786 2521 929 2562 partem

184 2567 307 2601 vocari
332 2567 451 2610 plebes
486 2566 636 2609 volebat,
662 2563 747 2599 ‘dass
772 2564 832 2598 ihr
856 2564 928 2598 An-

185 2613 251 2647 teil
295 2623 341 2646 an
381 2612 447 2646 der
494 2611 530 2646 C,
570 2612 741 2656 gewahrt
777 2608 927 2645 werde'.

186 2670 349 2695 revocare
389 2659 567 2693 bedentet
598 2658 679 2693 hier
709 2656 927 2703 ‘wegrufen‚

186 2703 413 2751 wegziehen'
464 2708 551 2750 (von
601 2706 671 2740 den
724 2705 928 2740 Patriziern

188 2753 350 2797 zurfick).

234 2822 324 2855 quae
337 2822 409 2846 com
416 2812 540 2846 munia
555 2815 667 2847 essent
681 2811 827 2847 comitia
841 2810 926 2856 etc]

187 2874 221 2885 z
259 2868 302 2891 ne
345 2859 394 2892 eis
437 2859 578 2903 quidem
628 2859 795 2901 comitiis,
839 2868 930 2902 quae

188 2915 260 2938 com
268 2906 394 2938 munia
441 2910 563 2940 essent.
623 2904 733 2938 Diese
768 2904 928 2939 Wahlen

1004 1690 1127 1714 waren
1152 1679 1288 1714 beiden
1315 1677 1480 1712 Stiinden
1506 1675 1747 1722 gemeinsam,

1002 1727 1168 1761 insofern
1219 1725 1313 1760 auch
1363 1723 1534 1769 Plebejer
1582 1721 1751 1768 gewahlt

1003 1774 1153 1808 werden
1177 1773 1354 1808 konnten.

1052 1826 1082 1856 7.
1109 1820 1243 1867 aym-et]
1259 1819 1424 1865 spreche,
1440 1818 1605 1862 Antr‘age
1626 1816 1745 1852 stelle.

1001 1869 1090 1903 Dies
1115 1868 1283 1903 konnten
1309 1866 1369 1901 die
1395 1865 1585 1900 Tribunen
1609 1863 1646 1898 in
1673 1863 1747 1898 den

1002 1913 1335 1956 Tributkomitien,
1373 1913 1470 1948 auch
1500 1911 1668 1946 konnten
1692 1909 1747 1946 sie

1003 1963 1063 1998 bei
1097 1963 1168 1997 den
1198 1961 1365 1997 Konsuln
1392 1959 1459 1995 auf
1479 1958 1668 2003 Vorlagen
1693 1957 1747 1992 im

1003 2011 1137 2045 Senate
1162 2008 1382 2044 hinwirken.

1049 2069 1088 2093 eo
1107 2057 1267 2101 impendi
1286 2056 1440 2090 laborem
1460 2052 1546 2098 etc]
1567 2050 1748 2086 Dersclbe

1004 2103 1180 2139 Gedanke
1200 2102 1289 2137 fand
1316 2101 1395 2136 sich
1421 2101 1537 2135 schon
1555 2098 1650 2144 Kap.
1664 2102 1696 2143 2,
1712 2102 1747 2134 2.

1051 2155 1081 2186 8.
1114 2155 1155 2185 ut
1185 2149 1325 2195 quidem
1358 2147 1444 2194 ete]
1471 2164 1506 2176 =
1531 2147 1571 2182 id
1603 2145 1747 2191 quidem

1001 2209 1113 2244 ‘neque
1131 2197 1347 2243 sperandum
1362 2205 1474 2240 neque
1481 2193 1747 2240 postulandum

1004 2256 1093 2288 esse,
1119 2249 1160 2280 ut
1179 2245 1249 2278 etc.

1051 2291 1201 2337 aliquis]
1234 2289 1364 2335 irgend
1402 2288 1518 2332 einer,
1551 2287 1646 2322 auch
1676 2297 1748 2321 nur

1007 2350 1118 2374 emer.

1052 2387 1167 2422 nihilo
1209 2382 1490 2429 honoratiorem]
1533 2380 1660 2416 indem
1706 2390 1748 2414 er

1006 2433 1231 2479 gleichwohl
1256 2431 1363 2466 nicht
1387 2441 1467 2465 zum
1493 2425 1746 2463 Konsulartri·

1005 2482 1082 2516 bun
1107 2480 1272 2526 gewahlt
1295 2478 1421 2513 wfirde
1449 2478 1482 2521 (ξ
1496 2477 1540 2520 6).

1051 2533 1081 2564 9.
1131 2528 1307 2563 neminem
1345 2555 1352 2561 .
1376 2554 1381 2560 .
1405 2553 1411 2559 .
1442 2520 1744 2567 contemptwmm]

1002 2575 1142 2610 direkt:
1177 2584 1278 2609 nemo
1297 2584 1332 2608 se
1351 2571 1513 2618 plebeius
1537 2571 1743 2604 contemnet.

1003 2623 1110 2658 Sinn:
1160 2620 1292 2656 sobald
1329 2619 1390 2654 die
1427 2616 1538 2652 Plebs
1575 2612 1744 2658 aufhiire,

1000 2670 1081 2704 ihre
1106 2667 1354 2712 Vork'ampfer
1385 2663 1447 2700 bei
1481 2663 1554 2697 den
1587 2661 1745 2714 Wahlen

1003 2717 1068 2751 der
1087 2713 1449 2751 Konsulart-ribunen
1468 2709 1523 2744 als
1549 2707 1744 2753 unwfirdig

1002 2775 1043 2798 zu
1078 2762 1303 2807 sibergehen,
1337 2758 1489 2793 wsirden
1520 2755 1622 2790 diese
1647 2754 1746 2789 auch

1001 2810 1186 2856 grosseren
1210 2808 1292 2842 Mut
1316 2807 1450 2840 fassen.
1733 2846 1741 2853 .

1048 2857 1156 2902 sitne]
1202 2865 1272 2890 esse
1313 2852 1383 2887 mit
1427 2850 1511 2886 Dat.
1538 2847 1744 2884 Gerundiu

1000 2903 1108 2938 heisst
1128 2931 1143 2947 „
1158 2901 1344 2947 geeignet,
1363 2897 1471 2942 fahig
1492 2896 1569 2931 sein
1582 2898 1610 2932 ¹⁴.
1625 2899 1657 2939 2,
1673 2898 1703 2939 9,
1720 2897 1743 2928 6
