1799 3105
98 129 154 171 52
623 121 765 156 LIBER
794 121 854 155 IV.
900 119 1003 156 CAP.
1029 123 1084 155 28.
1112 124 1167 155 29.

1421 139 1446 157 a.
1458 140 1485 158 u.
1497 139 1522 159 6.
1532 133 1592 159 323.
1607 133 1669 159 324.

99 234 274 289 iecerat3
308 236 351 275 et
380 234 606 273 moverunt
633 231 860 284 victorem,
892 229 1026 271 donec
1051 229 1237 271 dictator
1269 229 1420 283 pedem
1448 228 1536 270 iam
1561 228 1668 270 refe-

49 308 68 339 7
98 293 292 336 rentibus
333 292 420 333 suis
460 290 634 332 advenit
674 303 808 344 eoque
842 303 966 330 omne
999 288 1209 343 proelium
1242 303 1413 330 versum
1452 289 1530 330 est.
1591 287 1667 329 uni

98 353 206 408 viro,
239 351 417 405 Messio,
448 349 622 391 fortuna
653 348 846 391 hostium
879 347 1092 390 innititur.
1155 347 1294 388 multa
1325 347 1542 402 utrimque
1575 346 1667 389 vul-

97 426 216 467 nera,
251 410 388 452 multa
420 409 583 464 passim
617 408 767 450 caedes
802 409 877 449 est.
920 407 1007 448 iam
1038 421 1091 448 ne
1125 407 1251 448 duces
1286 406 1456 461 quidem
1483 405 1670 447 Romani

49 483 69 515 8
98 470 311 513 incruenti
344 471 553 524 pugnant.
597 482 704 509 unus
738 466 989 508 Postumius
1016 467 1127 508 ictus
1155 480 1259 507 saxo
1285 464 1501 520 perfracto
1528 464 1669 520 capite

97 530 187 572 acie
221 528 421 582 excessit3
458 542 544 569 non
579 527 832 569 dictatorem
869 540 1042 567 umerus
1072 525 1341 580 vulneratus,
1373 538 1456 565 non
1485 523 1669 566 Fabium

97 603 230 645 prope
257 587 435 630 affixum
472 601 580 642 equo
612 586 769 640 femur,
802 599 890 627 non
922 585 1169 627 bracchium
1198 584 1413 626 abscisum
1448 583 1669 626 consulem

101 664 151 690 ex
185 652 276 689 tam
310 646 489 702 ancipiti
522 645 687 701 proelio
723 644 970 687 summovit.

26 709 81 751 29
216 706 424 748 Messium
470 705 659 760 impetus
705 719 781 759 per
824 706 984 746 stratos
1032 703 1159 745 caede
1203 702 1352 744 hostes
1398 716 1492 744 cum
1539 701 1669 757 globo

97 766 435 810 fortissimorum
469 765 672 806 iuvenum
706 763 860 805 extulit
888 763 939 804 ad
968 766 1110 804 castra
1130 761 1403 817 Volscorum,
1430 775 1538 816 quae
1564 775 1670 802 non-

51 838 70 868 2
99 828 198 869 dum
233 828 359 881 capta
393 827 526 866 erant.
590 823 737 866 eodem
772 822 911 864 omnis
945 822 1057 864 acies
1089 821 1335 863 inclinatur,
1384 820 1534 863 consul
1567 819 1668 862 effu-

99 901 169 928 sos
202 899 338 940 usque
373 884 426 925 ad
460 883 623 925 vallum
655 885 905 938 persecutus
939 882 1033 936 ipsa
1065 882 1209 923 castra
1239 880 1487 935 vallumque
1520 879 1671 934 adgre-

101 946 230 988 ditur.
300 943 450 986 eodem
496 946 538 984 et
583 942 770 984 dictator
813 941 898 982 alia
941 943 1063 996 parte
1109 940 1254 995 copias
1301 939 1512 981 admovet.
1586 952 1672 980 non

51 1020 72 1049 3
102 1005 275 1061 segnior
309 1001 579 1058 oppugnatio
614 1004 697 1055 est,
731 1015 859 1056 quam
892 1015 1038 1056 pugna
1063 999 1216 1041 fuerat.
1250 998 1470 1040 consulem
1499 997 1673 1053 signum

102 1078 268 1120 quoque
301 1063 416 1104 intra
448 1061 611 1103 vallum
644 1060 842 1102 iniecisse
875 1059 1039 1113 ferunt,
1073 1073 1155 1114 quo
1190 1058 1353 1100 milites
1395 1057 1534 1099 acrius
1575 1056 1673 1098 sub-

101 1124 232 1178 irent,
270 1121 589 1177 repetendoque
631 1120 756 1174 signo
795 1119 981 1175 primam
1020 1118 1351 1172 impressionem
1395 1117 1567 1159 factam.
1631 1119 1674 1157 et

51 1192 73 1222 4
102 1183 285 1225 dictator
319 1183 498 1236 proruto
534 1180 648 1221 vallo
682 1180 770 1220 iam
802 1179 846 1220 in
879 1181 1022 1221 castra
1054 1177 1266 1233 proelium
1299 1176 1519 1218 intulerat.
1580 1177 1674 1217 tum

103 1242 216 1284 abici
255 1240 419 1296 passim
453 1254 572 1281 arma
611 1254 659 1281 ac
697 1238 795 1280 dedi
838 1238 986 1280 hostes
1031 1237 1192 1292 coepti3
1237 1236 1476 1291 castrisque
1521 1237 1563 1277 et
1606 1234 1674 1276 his

101 1301 238 1357 captis
272 1301 422 1342 hostes
456 1302 625 1354 praeter
658 1301 879 1340 senatores
913 1312 1060 1339 omnes
1093 1295 1344 1338 venumdati
1377 1297 1488 1337 sunt.
1551 1308 1674 1349 prae-

102 1361 179 1402 dae
220 1374 321 1415 pars
356 1374 433 1401 sua
472 1358 832 1413 cognoscentibus
871 1356 1040 1398 Latinis
1087 1359 1215 1410 atque
1252 1354 1451 1396 Hernicis
1496 1353 1675 1407 reddita,

101 1423 269 1476 partem
303 1419 381 1460 sub
413 1418 541 1459 hasta
567 1417 753 1459 dictator
784 1416 994 1471 vendidit3
1032 1414 1366 1471 praepositoque
1404 1413 1579 1455 consule
1612 1426 1676 1454 ca-

103 1479 205 1522 stris
238 1479 331 1534 ipse
363 1477 634 1531 triumphans
680 1476 873 1517 invectus
906 1475 1056 1516 urbem
1101 1475 1316 1516 dictatura
1360 1488 1403 1514 se
1447 1472 1678 1514 abdicavit.

56 1549 76 1579 5
222 1537 439 1592 Egregiae
473 1536 712 1578 dictaturae
746 1534 914 1576 tristem
944 1534 1195 1576 memoriam
1223 1533 1405 1585 faciunt,
1438 1531 1511 1587 qui
1537 1531 1674 1572 filium

106 1598 158 1640 ab
187 1597 237 1639 A.
264 1595 508 1650 Postumio,
542 1595 657 1650 quod
690 1594 913 1636 occasione
946 1594 1052 1635 bene
1085 1592 1305 1648 pugnandi
1333 1593 1483 1647 captus
1509 1590 1677 1632 iniussu

59 1667 78 1698 6
109 1656 343 1699 decesserit
375 1654 612 1710 praesidio,
646 1654 854 1696 victorem
889 1653 1026 1695 securi
1064 1666 1316 1708 percussum
1348 1650 1539 1692 tradunt.
1600 1663 1678 1691 nec

152 1760 353 1805 moverunt]
370 1759 550 1794 Ublicher
571 1758 621 1793 ist
648 1758 686 1793 in
715 1758 857 1793 diesem

106 1809 218 1844 Sinne
244 1817 443 1843 summoveo
471 1806 817 1851 (zuriickdr'angen).

152 1855 404 1900 referentibus]
438 1856 553 1898 refero
586 1855 732 1899 pedem,
773 1865 856 1899 yra-

104 1907 210 1947 dum,
243 1904 370 1948 siy‘na,
391 1906 511 1937 castra
539 1902 649 1947 (Kap.
669 1906 720 1945 17,
741 1902 797 1945 11)
824 1918 858 1929 =

105 1952 228 1987 recedo

154 2004 185 2035 8.
206 1998 319 2043 unus]
336 1996 554 2041 Asyndeton
569 1995 857 2040 adversativum,

107 2045 208 2081 ‘aber
233 2045 336 2081 nur'.

155 2092 379 2138 Postumius]
409 2092 504 2126 ohne
525 2091 662 2125 n'ahere
684 2090 858 2125 Bezeich-

108 2152 227 2184 nung‚
258 2140 306 2173 da
333 2150 371 2173 es
398 2139 479 2173 sich
505 2150 572 2172 aus
600 2139 683 2173 dem
712 2138 858 2172 Zusam-

108 2188 297 2231 menhang
318 2185 480 2230 ergiebt‚
498 2185 571 2219 dass
593 2196 630 2219 es
652 2186 717 2220 der
731 2185 858 2229 Legat,

108 2235 215 2270 nicht
241 2234 307 2268 der
333 2232 510 2267 Diktator
535 2232 596 2267 ist.

158 2281 366 2318 bracchium
385 2280 581 2325 abscisum]
610 2279 648 2315 T.
665 2278 858 2321 Quinctius

109 2341 187 2364 war
212 2332 280 2363 428
308 2327 446 2362 wieder
482 2327 640 2369 Konsul‚
680 2331 748 2362 426
784 2326 859 2360 und

109 2381 178 2412 420
199 2374 537 2410 'Konsulartribuu
614 2373 768 2408 Danach
812 2373 862 2408 ist

108 2423 190 2459 hier
204 2423 303 2458 wohl
322 2434 391 2456 nur
410 2433 456 2456 an
484 2421 565 2457 eine
593 2422 756 2456 schwere
772 2421 860 2455 Ver-

110 2471 301 2515 wundung
340 2470 403 2504 des
440 2469 570 2503 Armes
616 2480 658 2503 zu
705 2468 860 2512 denken,

111 2518 253 2554 welche
280 2517 447 2551 nachher
474 2516 612 2551 wieder
637 2515 765 2551 heilte.

160 2566 223 2601 29.
254 2570 282 2599 1.
319 2564 486 2610 impetus]
527 2563 606 2598 sein
644 2563 861 2608 Ungestiim,

113 2611 395 2658 Kampfeseifer.

160 2665 193 2696 2.
227 2664 348 2694 castra
379 2659 597 2704 vallumque]
638 2658 703 2692 das
742 2657 862 2702 Lagei·

113 2708 187 2742 und
216 2707 395 2741 zunachst
421 2706 494 2740 den
519 2705 636 2748 Wall3
670 2705 720 2739 im
748 2705 861 2740 Deut-

115 2755 228 2789 sehen
267 2754 393 2788 besser
434 2752 657 2798 umgekehrt
689 2750 771 2786 'den
804 2752 861 2788 W.

114 2802 189 2835 und
215 2801 280 2835 das
307 2798 356 2836 L.'

163 2852 195 2884 3.
226 2848 339 2893 intra]
368 2847 470 2882 ‘fiber
577 2846 729 2890 hinein’,
757 2846 863 2881 nicht

116 2895 236 2929 seiten
275 2895 336 2928 bei
375 2895 476 2929 einer
513 2894 729 2939 Bewegung
774 2893 862 2928 iiber

931 1757 1012 1839 eine
1051 1756 1261 1791 Grenzlinie
1299 1755 1475 1800 himiliet,
1516 1765 1679 1800 genauer

931 1816 953 1839 a
970 1817 985 1839 s
1012 1809 1126 1840 trans.

978 1876 1166 1920 repetendo
1194 1875 1312 1922 siquo]
1322 1886 1446 1911 =cum
1461 1876 1607 1922 siynum
1626 1885 1679 1911 re·

926 1927 1117 1969 peteretur.

975 1982 1146 2028 proruto]
1174 1982 1286 2016 n‘aml.
1312 1983 1354 2017 in
1377 1982 1522 2026 fossam.

981 2046 1013 2076 4.
1042 2042 1170 2087 coepti]
1211 2041 1340 2076 Dieses
1381 2041 1543 2076 Verbum
1590 2040 1681 2075 muss

931 2088 1028 2123 nach
1055 2089 1139 2124 dedi
1164 2088 1259 2133 (hier
1284 2088 1324 2122 in
1348 2088 1550 2123 medialem
1576 2088 1680 2133 Sinn)

932 2136 983 2170 im
1001 2135 1131 2169 Passiv
1152 2136 1299 2177 stehen3
1322 2135 1438 2170 daher
1457 2135 1558 2170 kann
1577 2136 1682 2171 nicht

932 2183 1193 2227 vorausgehen
1218 2184 1357 2218 abicere
1381 2194 1501 2227 arma,
1535 2194 1574 2218 so
1608 2182 1682 2218 dass

932 2231 1045 2266 hostes
1071 2230 1166 2264 auch
1193 2229 1302 2264 hiezu
1329 2230 1488 2275 Subjekt
1514 2234 1622 2266 w‘are.

981 2293 1012 2324 et
1037 2289 1107 2334 his]
1123 2307 1158 2317 z
1173 2289 1280 2324 etiam
1304 2290 1372 2333 his,
1398 2291 1456 2325 his
1479 2301 1626 2335 quoque.

981 2349 1046 2383 sub
1072 2347 1191 2393 hasta]
1214 2347 1298 2392 Vgl.
1326 2348 1417 2393 Kap.
1446 2353 1501 2393 53,
1531 2354 1584 2385 10.
1611 2350 1685 2385 Der

936 2394 1049 2440 Spiess
1075 2395 1202 2429 wurde
1234 2397 1355 2430 zuerst
1384 2396 1484 2431 heim
1518 2396 1689 2432 Verkauf

936 2443 1002 2477 der
1034 2442 1297 2487 Kriegsbeute,
1336 2443 1436 2478 dann
1473 2444 1686 2490 uberhaupt

937 2490 991 2524 als
1017 2490 1178 2524 Zeichen
1203 2489 1269 2524 der
1294 2490 1587 2537 Versteigerung
1611 2502 1685 2526 von

939 2537 1132 2582 Staatsgut
1158 2536 1386 2582 ausgestellt.

985 2597 1230 2642 triumphans]
1258 2596 1394 2632 Diesen
1419 2595 1597 2642 Triumph
1630 2609 1683 2633 er-

939 2644 1065 2678 w'ahnt
1092 2643 1188 2678 auch
1215 2643 1311 2678 Ovid
1337 2644 1449 2687 (Fast.
1467 2648 1497 2687 6,
1515 2648 1579 2679 721
1596 2644 1683 2690 flg.).

935 2691 983 2725 Er
1027 2692 1122 2725 setzt
1167 2690 1227 2725 die
1273 2691 1451 2725 Schlacht
1498 2691 1566 2726 auf
1613 2692 1685 2727 den

938 2743 991 2773 17.
1017 2737 1105 2772 Juni
1131 2749 1186 2772 an.

984 2802 1016 2834 5.
1050 2798 1252 2843 praesidio]
1292 2807 1363 2831 von
1402 2796 1485 2831 dem
1535 2797 1684 2840 Posteri,

936 2845 1098 2897 welcher
1122 2845 1199 2879 ihm
1221 2843 1395 2878 wahrend
1424 2843 1489 2879 der
1509 2844 1687 2880 Schlacht

935 2903 1171 2937 angewresen
1197 2901 1281 2926 war.
