1799 3105
110 360 129 391 3

112 472 132 502 4

155 136 208 176 92
719 134 862 169 LIBER
886 135 911 169 I.
962 135 1064 170 CAP.
1092 138 1143 171 28.
1486 153 1513 173 a.
1533 154 1562 172 u.
1581 146 1709 173 82—114.

155 239 342 278 extremo
380 238 463 277 orsi
502 237 661 290 primos
700 236 892 277 excivere
927 236 1128 277 Albanos.
1192 236 1235 276 hi
1266 236 1454 278 novitate
1485 235 1614 277 etiam
1648 236 1711 278 rei

156 293 271 343 moti,
303 296 349 334 ut
378 307 519 347 regem
544 293 782 333 Romanum
814 292 1133 334 contionantem
1165 292 1372 344 audirent,
1405 292 1586 346 proximi
1609 305 1712 334 con—

156 349 314 390 stitere.
376 363 424 389 ex
457 349 678 402 conposito
710 352 874 389 armata
905 349 1189 389 circumdatur
1209 347 1403 389 Romana
1427 347 1551 402 legio.
1613 361 1708 389 cen-

157 405 397 446 turionibus
445 405 590 445 datum
629 405 849 457 negotium
882 407 992 457 erat,
1039 408 1085 445 ut
1115 404 1205 444 sine
1245 418 1363 445 mora
1401 403 1580 458 imperia
1618 417 1713 445 exe-

157 464 400 515 querentur.
462 465 553 501 tum
592 460 653 501 ita
692 461 839 501 Tullus
878 461 991 501 infit:
1033 459 1266 513 „Romani,
1299 460 1334 501 si
1373 473 1573 514 umquam
1613 462 1712 501 ante

158 517 261 558 alias
293 516 378 558 ullo
410 517 454 557 in
488 516 598 557 bello
631 517 731 565 fuit,
772 516 884 570 quod
915 517 1098 570 primum
1130 515 1193 557 dis
1225 515 1520 557 inmortalibus
1552 516 1715 570 gratias

159 573 353 627 ageretis,
386 572 537 613 deinde
568 575 732 613 vestrae
763 572 950 626 ipsorum
982 572 1142 626 virtuti,
1175 572 1421 613 hesternum
1442 572 1486 612 id
1507 571 1714 625 proelium

159 628 254 669 fuit.
316 628 563 669 dimicatum
595 632 659 669 est
690 629 802 669 enim
835 642 921 669 non
950 629 1085 684 magis
1105 643 1197 669 cum
1220 627 1412 669 hostibus
1434 642 1573 682 quam,
1606 641 1715 682 quae

160 684 374 725 dimicatio
406 684 542 725 maior
572 687 698 739 atque
730 684 1009 738 periculosior
1040 688 1114 734 est,
1149 699 1242 725 cum
1273 684 1515 738 proditione
1547 697 1596 725 ac
1623 697 1715 738 per-

161 740 259 781 fidia
290 741 513 782 sociorum.
576 755 697 792 nam,
740 754 793 781 ne
824 755 896 781 vos
926 740 1034 781 falsa
1066 740 1209 794 opinio
1240 743 1394 793 teneat,
1425 740 1589 781 iniussu
1619 753 1714 781 meo

161 796 315 837 Albani
347 797 511 838 subiere
542 797 594 837 ad
625 799 804 847 montes,
838 810 913 837 nec
945 797 1169 851 imperium
1200 797 1302 836 illud
1335 810 1487 847 meum,
1521 795 1593 837 sed
1616 809 1715 838 eon-

160 852 299 893 silium
346 856 388 894 et
432 853 598 907 imperii
645 853 856 894 simulatio
895 853 998 904 fuit,
1044 856 1091 893 ut
1135 866 1212 893 nec
1257 852 1378 894 vobis
1417 852 1716 906 ignorantibus

160 909 295 950 deseri
326 923 401 950 vos
434 913 697 949 averteretur
727 924 750 950 a
781 909 1011 950 certamine
1042 909 1223 960 animus,
1255 911 1297 950 et
1316 908 1510 949 hostibus
1541 908 1716 949 circum·

163 965 295 1005 veniri
341 979 384 1006 se
431 965 483 1006 ab
528 968 649 1019 tergo
695 966 798 1005 ratis
843 968 979 1006 terror
1015 979 1064 1005 ac
1103 965 1207 1019 fuga
1247 964 1491 1005 iniceretur.
1550 977 1629 1005 nec
1665 978 1715 1006 ea.

160 1021 296 1075 culpa,
329 1035 454 1075 quam
478 1035 620 1076 argue,
655 1021 844 1061 omnium
866 1021 1130 1061 Albanorum
1162 1022 1245 1075 est3
1278 1021 1425 1061 ducem
1448 1021 1580 1061 secuti
1601 1022 1713 1074 sunt,

159 1081 205 1118 ut
236 1082 277 1117 et
307 1091 392 1128 vos,
425 1077 462 1117 si
482 1091 564 1131 quo
589 1090 667 1131 ego
688 1077 786 1117 inde
808 1091 962 1131 agmen
985 1077 1197 1118 declinare
1219 1077 1460 1126 voluissem,
1492 1076 1714 1117 fecissetis.

161 1133 337 1174 Mettius
368 1133 439 1174 ille
471 1135 535 1174 est
556 1133 705 1174 ductor
725 1133 892 1174 itineris
910 1133 1047 1184 huius,
1079 1133 1254 1174 Mettius
1276 1133 1386 1174 idem
1408 1132 1530 1173 huius
1553 1131 1714 1174 machi-

159 1191 285 1230 nator
315 1189 429 1239 belli,
462 1188 637 1230 Mettius
667 1189 848 1230 foederis
871 1188 1054 1230 Romani
1077 1189 1318 1243 Albanique
1338 1191 1500 1242 ruptor.
1561 1189 1717 1230 audeat

161 1245 311 1287 deinde
341 1245 444 1286 talia
475 1245 594 1298 alius,
625 1245 708 1286 nisi
739 1246 784 1286 in
816 1245 930 1286 hunc
962 1245 1132 1300 insigne
1164 1246 1249 1286 iam
1280 1245 1582 1287 documentum
1602 1258 1713 1286 mor-

161 1410 201 1415 —-
216 1391 261 1425 ab
279 1393 446 1432 esrtremo,
464 1400 549 1424 vom
569 1392 773 1425 {tussersten
789 1391 904 1430 Ende,

160 1435 235 1480 vgl.
264 1439 325 1476 37,
358 1440 412 1476 41,
438 1439 468 1471 8.
521 1434 558 1468 L.
591 1435 707 1470 denkt
731 1435 808 1470 sich
834 1435 905 1470 den

161 1480 338 1514 Standort
371 1479 436 1514 der
461 1479 640 1521 Albaner,
677 1480 744 1514 wie
779 1483 905 1524 sp'ater

162 1525 227 1559 der
251 1524 602 1569 Bundesgenossen,
628 1536 686 1558 am
713 1525 815 1559 Ende
842 1525 905 1559 des

160 1569 308 1614 Lagers.
335 1590 375 1594 —-
405 1570 530 1612 etiam,
572 1570 798 1610 ausserdem,
825 1569 905 1604 dass

161 1614 212 1648 sie
245 1618 367 1648 zuerst
399 1614 555 1648 berusen
587 1615 739 1649 worden
769 1625 904 1649 waren.

207 1663 236 1693 3.
264 1660 366 1704 leyz'o,
392 1670 420 1696 s,
444 1671 486 1693 zu
513 1669 542 1692 c.
571 1663 621 1701 11,
649 1664 676 1693 1.

205 1708 236 1741 4.
249 1704 421 1738 Romam:
441 1703 516 1737 Der
529 1703 693 1738 Vokativ
708 1704 789 1747 (der
802 1705 903 1738 sonst

160 1749 343 1794 gewohnl.
370 1748 641 1792 eingeschoben
665 1750 772 1787 wird)
791 1749 902 1783 nach-

161 1794 353 1828 driicklich
372 1804 418 1827 an
436 1795 552 1828 erster
566 1793 694 1838 Stelle,
715 1794 762 1827 da
776 1794 902 1827 Tullus

161 1850 230 1873 nur
256 1838 315 1872 die
340 1838 476 1872 Romer
502 1838 668 1873 anredet.
716 1838 800 1883 Vgl.
829 1841 846 1879 ξ
872 1842 902 1875 9.

161 1887 192 1924 8,
222 1888 273 1925 13,
303 1887 342 1917 11
368 1895 403 1918 U.
427 1886 458 1916 ὃ.
478 1903 519 1906 -
542 1894 716 1926 umquam
735 1910 742 1918 .
760 1909 767 1917 .
789 1911 794 1917 .
815 1884 903 1925 ullo,

162 1927 288 1962 starke
327 1928 536 1971 (pleonast.)
572 1928 799 1972 Anhaufung
831 1938 903 1962 von

162 1972 390 2014 Adverbien,
421 1984 447 2006 s.
481 1976 512 2012 2,
543 1977 575 2015 9,
610 1977 640 2010 5.
675 1977 729 2016 32,
764 1978 794 2015 5,
827 1976 847 2007 8
872 1973 904 2007 si

163 2017 312 2061 quando
337 2028 502 2060 unquam
528 2021 614 2052 ante
637 2018 734 2052 alias
759 2029 792 2051 u.
811 2021 842 2055 a,
862 2038 903 2043 —

163 2063 365 2096 hesternum
392 2062 432 2096 id
452 2063 643 2105 proelium.
696 2062 805 2104 Statt,
834 2062 904 2097 wie

162 2117 249 2141 man
275 2108 458 2140 erwarten
484 2107 609 2143 sollte.
636 2119 680 2140 zu
705 2117 835 2149 Sagen:
864 2118 903 2142 so

162 2162 238 2185 war
263 2151 341 2185 dies
367 2151 431 2185 der
449 2151 530 2185 Fall
555 2151 610 2193 (id
634 2152 724 2193 fait)
743 2152 906 2186 hesterno

157 2195 316 2239 proelio,
342 2195 409 2229 hat
440 2196 478 2232 L.
509 2196 595 2230 hest.
616 2196 729 2239 prod.
757 2196 840 2230 dem
867 2197 906 2231 icz

165 2242 215 2274 im
233 2240 352 2274 Kasus
379 2240 601 2274 assimiliert.
627 2261 669 2265 —
696 2251 765 2274 non
791 2241 908 2285 mayz's

165 2296 292 2329 quam,
321 2284 423 2318 nicht
450 2285 568 2328 mehr,
600 2285 632 2319 d.
664 2285 698 2321 h.
728 2285 905 2330 weniger,

167 2330 285 2364 ‘nicht
310 2329 478 2364 sowohl’.

211 2379 240 2410 5.
268 2375 414 2409 iniussu
447 2376 534 2417 ete.⁷
568 2375 660 2409 iiber
685 2374 744 2409 die
770 2374 906 2419 Ellipse

167 2422 237 2461 (‘so
255 2419 412 2459 wisset‘)
440 2432 468 2454 s.
486 2431 529 2453 zu
548 2419 668 2454 Praef.
688 2424 718 2457 7.
738 2440 780 2444 -
798 2420 907 2461 illud,

165 2463 303 2499 einmal
330 2463 486 2508 SubJ'ekt
512 2476 555 2498 zu
581 2465 704 2508 imper.
731 2464 805 2506 fuit
831 2465 906 2498 und

165 2521 208 2543 zu
228 2508 398 2543 erklaren
412 2525 455 2538 =
470 2510 535 2544 das
552 2510 673 2544 subire
686 2510 736 2544 ad
750 2513 906 2551 montes5

167 2554 265 2587 dann
292 2552 394 2597 Subj.
423 2566 465 2588 zu
492 2555 684 2589 consilium
710 2581 717 2588 .
737 2585 743 2591 .
762 2554 837 2596 fuit
862 2570 905 2582 =

165 2609 234 2632 vox
266 2608 361 2640 mea,
398 2609 472 2633 meo
502 2600 604 2634 iussu
634 2601 678 2632 A.
711 2599 832 2633 subire
856 2599 906 2633 ad

165 2646 317 2683 montesg
335 2643 413 2678 eine
430 2646 496 2677 Art
515 2655 585 2678 von
599 2643 771 2686 Zeugma.
788 2664 825 2668 —
844 2655 906 2678 nec

170 2714 176 2721 .
196 2714 202 2721 .
221 2691 452 2722 averteretur.
480 2687 549 2722 Die
567 2688 754 2733 Negation
773 2688 907 2732 gehort

166 2743 209 2765 zu
234 2737 345 2767 avert.
365 2753 406 2757 —
424 2733 522 2767 vobis
546 2733 803 2776 iynorantibus
828 2735 906 2767 eut·

165 2775 243 2809 h'alt
280 2780 424 2822 (wegen
457 2777 519 2811 des
551 2777 829 2811 Parallelismus
862 2789 907 2811 zu

167 2824 197 2854 et
228 2821 388 2855 hostibus
416 2850 422 2856 .
449 2848 456 2855 .
482 2822 576 2856 ratis
608 2822 661 2856 als
695 2822 779 2859 Dat,
805 2821 905 2856 Part.

975 1401 1020 1425 an
1059 1390 1118 1425 die
1152 1390 1290 1425 Person
1322 1389 1607 1435 angescblossen
1639 1389 1714 1424 und

974 1435 1010 1469 in
1030 1436 1101 1469 den
1115 1434 1299 1469 Finalsatz
1317 1434 1484 1480 gestellt)
1504 1434 1570 1469 das
1582 1433 1716 1477 Mittel,

976 1480 1152 1514 wodurch
1190 1480 1255 1514 das
1291 1490 1367 1514 non
1401 1479 1519 1514 averti
1556 1479 1716 1514 erreicht

976 1525 1115 1566 wurde,
1142 1525 1276 1559 ‘damit
1301 1535 1388 1559 euer
1404 1523 1493 1558 Sinn
1518 1523 1596 1558 sich
1613 1523 1718 1559 nicht

977 1580 1061 1603 vom
1094 1569 1252 1613 Kampfe
1285 1568 1524 1612 abwendete,
1555 1568 1613 1602 ihr
1644 1569 1716 1604 den

976 1615 1056 1649 Mut
1095 1614 1198 1648 nicht
1234 1614 1397 1648 verloret
1437 1625 1481 1647 zu
1522 1613 1714 1657 kampfen,

972 1659 1098 1693 indem
1136 1659 1228 1693 euch
1259 1659 1467 1702 verborgen
1498 1657 1619 1701 blieb‚
1656 1659 1715 1693 ihr

972 1704 1075 1738 nicht
1092 1703 1234 1746 ahntet,
1253 1704 1334 1737 dass
1354 1731 1360 1738 .
1379 1708 1416 1740 .’.
1429 1723 1473 1728 —-
1489 1704 1594 1745 ratis,
1612 1703 1712 1739 Part.

973 1749 1080 1788 Perf.,
1095 1748 1308 1783 aufzulosen
1322 1748 1438 1782 durch
1454 1749 1487 1783 si
1503 1749 1572 1782 mit
1586 1748 1713 1784 Futur.

974 1796 1091 1828 exact.
1107 1793 1213 1836 (nach
1226 1795 1292 1828 Art
1309 1793 1373 1828 des
1390 1793 1711 1838 griech.Particip.

972 1839 1086 1880 A0r.j›.
1137 1839 1182 1873 So
1216 1839 1347 1880 ofters,
1378 1850 1407 1875 z,
1439 1838 1478 1871 Β.
1511 1841 1540 1880 5,
1574 1841 1629 1881 36,
1658 1842 1714 1880 103

974 1883 1068 1917 auch
1100 1883 1190 1926 Cic.,
1226 1883 1347 1918 Casar.
1374 1903 1416 1908 —
1440 1882 1550 1927 fuya,
1575 1882 1715 1918 ‘Verit-

973 1933 1093 1962 runo’.

1019 1956 1064 2008 6?
1084 1983 1167 2014 nec,
1207 1984 1233 2006 s.
1266 1982 1294 2006 c.
1329 1976 1382 2014 27,
1416 1976 1444 2009 1.
1477 1990 1518 1996 -
1549 1971 1716 2010 Mettius.

974 2017 1061 2052 Man
1088 2017 1244 2052 beachte
1271 2016 1329 2052 die
1353 2016 1573 2061 Anaphora,
1601 2017 1714 2051 sowie

974 2062 1034 2096 die
1053 2062 1298 2096 Abwechslun
1345 2061 1567 2104 (Chiasmus)
1593 2063 1630 2095 in
1649 2061 1716 2096 der

975 2106 1143 2151 Stellung
1180 2117 1252 2140 von
1316 2109 1436 2148 actor,
1475 2106 1716 2149 machinator,

973 2155 1112 2194 ruptor.
1146 2171 1184 2176 -—
1219 2151 1348 2185 ductor
1381 2178 1388 2185 .
1418 2178 1425 2184 .
1453 2181 1460 2188 .
1485 2154 1626 2194 raptor.
1675 2151 1714 2186 L.

975 2196 1124 2230 wendet
1157 2195 1216 2230 die
1248 2195 1368 2229 Subst.
1402 2195 1469 2228 auf
1494 2199 1551 2230 tor
1575 2195 1631 2229 ost
1655 2206 1714 2232 an.

976 2239 1051 2274 Das
1094 2241 1220 2285 haufig
1262 2239 1551 2274 vorkommende
1587 2243 1718 2284 ruptor

978 2285 1093 2320 findet
1107 2285 1183 2319 sich
1198 2295 1263 2319 vor
1271 2285 1309 2319 L.
1325 2284 1427 2319 nicht
1437 2284 1589 2328 (ebenso
1603 2285 1716 2320 inter-

977 2334 1114 2373 ceptor,
1142 2333 1310 2371 assertor,
1335 2330 1493 2364 concitor
1517 2341 1552 2363 u.
1579 2330 1645 2373 a.).
1674 2349 1716 2354 —

978 2375 1215 2416 machinator,
1242 2374 1376 2408 ebenso
1395 2373 1462 2408 wie
1480 2374 1619 2416 ductor,
1645 2385 1716 2408 nur

978 2419 1058 2454 hier
1092 2419 1130 2453 in
1162 2420 1285 2454 u'blem
1325 2420 1452 2462 Sinne;
1490 2419 1623 2453 anders
1660 2423 1714 2460 24,

976 2469 1031 2506 34,
1058 2468 1075 2497 ⁴3
1093 2465 1321 2498 machinator
1337 2464 1545 2498 bellicorum
1560 2466 1716 2498 tormen—

976 2513 1095 2543 torum
1151 2508 1424 2552 (Archimedes).
1476 2532 1519 2536 —
1566 2508 1714 2550 audeat,

977 2557 1101 2599 ‘moge
1133 2580 1140 2588 .
1176 2581 1182 2588 .
1217 2553 1447 2588 versuchen'.
1484 2572 1528 2578 —
1558 2553 1635 2588 nisi
1665 2579 1673 2588 .
1707 2578 1714 2586 .

976 2599 1118 2640 dedero,
1138 2598 1202 2633 das
1219 2597 1302 2635 Fut.
1320 2598 1365 2631 II.
1383 2597 1453 2630 mit
1468 2597 1544 2632 nisi
1558 2597 1596 2631 in
1614 2597 1717 2632 einer

977 2643 1240 2686 Zusicherung‚
1266 2642 1336 2677 wie
1361 2646 1393 2683 3,
1412 2645 1465 2680 68,
1488 2646 1538 2676 13.
1557 2646 1590 2685 5,
1608 2645 1664 2682 44,
1685 2645 1715 2676 7.

976 2708 1019 2713 —
1046 2689 1085 2722 in
1109 2689 1215 2729 hunc,
1239 2685 1521 2730 brachylogisch
1546 2702 1590 2715 =
1607 2686 1716 2722 docu-

977 2736 1134 2767 mentum
1172 2732 1303 2766 dedero
1338 2732 1380 2765 in
1414 2731 1511 2766 hwnc
1546 2731 1716 2766 animad-

975 2781 1137 2819 vertens;
1153 2775 1322 2820 zugleich
1338 2776 1386 2809 ist
1399 2785 1439 2810 so
1454 2775 1513 2810 die
1529 2775 1716 2819 Richtung

977 2821 1041 2856 des
1061 2821 1288 2856 Verfahrens
1306 2820 1521 2864 angegeben
1537 2820 1632 2855 nach
1650 2819 1717 2854 der
