1799 3105
82 356 101 386 9

61 472 103 502 10

64 651 96 678 1]

60 1002 100 1031 13

60 1239 101 1267 14

59 1415 99 1444 15

59 1709 98 1739 10

83 826 100 854 ·-'
130 818 298 859 senatui
331 818 437 871 fore,
472 831 543 858 sex
578 817 629 858 ad
668 818 1019 859 intercessionem
1059 832 1374 872 comparavere.

136 124 188 152 ψ)
685 120 822 154 LIBER
854 120 913 156 IV.
960 119 1060 155 CAP.
1089 124 1132 155 48

135 149 184 165 1.-

1422 142 1439 159 a
1461 142 1489 159 u.
1504 141 1527 160 6.
1543 135 1694 161 338-340,

131 229 219 270 11113
287 229 453 270 animos
520 243 628 281 esse,
684 228 757 269 ubi
808 228 983 270 videant
1038 228 1226 283 collegas
1288 228 1503 284 principes
1566 243 1696 284 agen-

132 288 208 329 dae
241 288 301 329 rei
335 288 520 343 gratiam
555 301 723 328 omnem
757 287 808 328 ad
847 287 1016 341 plebem
1055 301 1389 342 praeoccupasse
1432 302 1510 330 nec
1554 288 1696 330 locum

131 347 172 388 in
207 361 255 388 ea
289 347 483 388 lelictum
518 346 619 400 sibi,
651 345 765 387 haud
805 348 980 401 gravate
1024 346 1308 387 acclinaturos
1348 361 1392 387 se
1431 347 1484 388 ad
1522 361 1695 389 causam

131 409 323 459 senatus,
360 420 433 459 per
478 419 605 459 quam
644 418 735 446 enm
778 405 977 446 universo
1023 405 1162 446 ordini
1207 407 1299 446 tum
1344 405 1606 459 primoribus
1652 420 1698 448 se

130 467 299 519 patrum
340 463 577 505 concilient.
642 463 980 518 adprobantibus
1031 464 1193 505 cunctis
1239 467 1282 505 et
1325 466 1424 506 ante
1469 479 1615 507 omnes
1649 464 1696 514 Q.

131 522 310 565 Servilio
339 522 502 577 Prisco,
531 523 641 577 quod
675 537 758 564 non
793 523 1097 576 degenerasset
1130 523 1182 564 ab
1217 523 1348 577 stirpe
1383 521 1584 579 Claudia,
1610 523 1696 565 col—

131 581 330 623 laudante
363 582 559 623 iuvenem
594 582 815 636 negotium
850 583 995 636 datur,
1027 585 1075 622 ut
1108 596 1212 636 quos
1246 582 1427 636 quisque
1459 585 1607 637 posset
1645 597 1693 624 ex

130 641 313 696 collegio
342 640 611 681 tribunorum
645 641 697 681 ad
729 640 1079 682 intercessionem
1125 641 1391 695 perlicerent.
1455 641 1586 683 misso
1631 655 1694 683 se-

129 702 233 740 natu
278 703 536 753 prensantur
581 700 634 740 ab
674 699 939 754 principibus
973 699 1148 740 tribuni.
1213 700 1451 754 suadendo,
1484 700 1696 742 monendo

129 758 473 812 pollicendoque,
506 762 675 813 gratum
709 758 751 799 id
797 758 979 813 singulis
1025 759 1245 813 privatim,
1278 762 1449 814 gratum
1494 759 1695 801 universo

1436 821 1696 873 posteroque

129 876 196 917 (116
230 890 323 917 611111
358 892 407 917 ex
441 876 678 930 composito
712 876 896 917 relatum
930 877 982 917 ad
1016 880 1212 917 senatum
1246 880 1359 918 esset
1391 877 1441 918 (16
1474 877 1697 931 seditione,

129 950 254 990 quam
289 935 511 976 Maecilius
546 934 822 990 Metiliusque
854 936 1086 990 largitione
1120 936 1295 990 pessimi
1329 935 1513 990 exempli
1555 936 1693 978 601161-

129 1001 242 1049 rent,
276 1009 349 1036 eae
382 994 599 1036 orationes
633 1009 656 1035 a
689 995 947 1048 primoribus
980 998 1148 1048 patrum
1182 995 1357 1036 habitae
1389 998 1507 1050 sunt,
1537 998 1586 1037 ut
1615 1009 1695 1050 pro

129 1067 172 1094 se
206 1053 383 1108 quisque
417 1053 501 1093 iam
536 1068 611 1094 nec
656 1054 881 1094 consilium
927 1054 1010 1094 sibi
1055 1056 1281 1108 suppetere
1327 1053 1486 1095 diceret
1528 1068 1607 1096 nec
1650 1068 1695 1095 se

128 1112 261 1153 ullam
296 1126 420 1166 opem
453 1126 622 1153 cernere
657 1112 783 1153 aliam
823 1127 1003 1166 usquam
1044 1115 1344 1167 praeterquam
1382 1113 1425 1154 111
1463 1113 1696 1155 tribunicio

128 1171 307 1212 auxilio:
341 1172 383 1212 in
417 1171 506 1213 eius
540 1172 770 1226 potestatis
812 1171 937 1213 fidem
976 1171 1309 1213 circumventam
1348 1186 1439 1213 rem
1478 1172 1694 1227 publicam

129 1234 349 1284 tamquam
383 1230 597 1285 privatum
631 1230 802 1285 inopem
836 1231 1075 1284 confugere.
1138 1231 1404 1284 praeclarum
1437 1231 1544 1286 ipsis
1577 1234 1694 1286 pote-

129 1289 316 1343 statique
338 1304 430 1331 esse
450 1304 536 1330 non
558 1290 608 1330 ad
636 1289 875 1331 vexandum
905 1293 1101 1331 senatum
1128 1289 1471 1345 discordiamque
1498 1290 1693 1333 ordinum

129 1347 380 1389 movendam
414 1348 509 1402 plus
542 1348 584 1389 in
618 1348 841 1389 tribunatu
869 1348 1025 1390 virium
1052 1363 1145 1390 esse
1173 1364 1301 1403 quam
1329 1349 1382 1390 ad
1409 1349 1694 1392 resistendum

128 1407 334 1461 improbis
370 1407 560 1461 collegis.
615 1407 807 1448 fremitus
841 1408 993 1449 deinde
1020 1407 1209 1448 universi
1235 1411 1410 1449 senatus
1437 1411 1577 1463 ortus,
1598 1423 1693 1451 cum

128 1480 177 1507 ex
211 1465 408 1507 omnibus
442 1466 634 1520 partibus
668 1467 808 1507 curiae
835 1466 995 1508 tribuni
1023 1466 1357 1520 appellarentur.
1401 1470 1494 1508 tum
1520 1468 1694 1510 silentio

127 1524 241 1565 facto
275 1524 322 1579 ii,
356 1524 429 1579 qui
467 1525 713 1579 praeparati
753 1529 874 1566 erant
919 1525 1061 1579 gratia
1105 1525 1364 1580 principum,
1397 1541 1524 1581 quam
1569 1541 1693 1582 roga-

126 1583 288 1624 tionem
322 1599 346 1624 a
384 1583 560 1638 collegis
600 1585 918 1640 promulgatam
965 1587 1139 1626 senatus
1183 1588 1354 1627 censeat
1397 1585 1696 1628 dissolvendae

127 1642 186 1683 rei
215 1642 411 1697 public-ae
445 1657 555 1696 esse,
588 1643 625 1683 ei
659 1657 703 1684 36
735 1644 1044 1685 intercessuros
1079 1643 1322 1685 ostendunt.
1372 1645 1536 1698 gratiae
1562 1645 1686 1686 inter-

127 1701 364 1742 cessoribus
399 1702 451 1742 ab
485 1704 636 1743 senatu
670 1706 798 1743 actae.
864 1703 1022 1744 latores
1056 1703 1293 1757 rogationis
1332 1703 1529 1745 contione
1567 1703 1691 1745 advo-

127 1763 222 1801 cata
255 1760 496 1814 proditores
531 1760 668 1815 plebis
702 1762 1023 1802 commodorum
1057 1775 1104 1802 ac
1132 1775 1276 1802 servos
1303 1762 1592 1804 consularium
1620 1777 1693 1818 ap-

129 1819 339 1873 pellantes
373 1819 541 1874 aliaque
575 1820 685 1860 truci
720 1820 914 1862 oratione
960 1822 1000 1861 in
1047 1820 1234 1874 collegas
1279 1820 1437 1862 invecti
1482 1821 1693 1864 actionem

118 2180 125 2188 '
127 2160 222 2214 'odies

127 1877 370 1932 deposuere.

169 1947 356 1991 principes
386 1947 545 1991 ayenolae
587 1948 654 1993 rei]
695 1946 872 1991 1111161161,

128 1992 271 2027 Lenker
298 1994 362 2027 der
390 1993 706 2038 Unternehmung

174 2043 204 2073 9.
227 2051 293 2084 per
318 2052 426 2085 quam
453 2042 539 2086 eto]
567 2041 764 2076 Finalsatz.

176 2091 227 2121 10
256 2088 556 2133 adprobantibus]
573 2088 647 2122 Das
667 2088 873 2133 03363161--

127 2132 231 2177 giebt
258 2134 335 2168 31611
358 2145 422 2168 6113
444 2135 527 2168 (16111
543 2135 873 2180 Zusammenhang,

268 2181 392 2215 diesen
420 2181 655 2226 Vorschlag

173 2228 327 2273 eunetis]
350 2228 527 2272 3611.]1(ιεφ
530 2230 628 2272 ibus,
656 2229 690 2263 d.
711 2229 746 2264 h.
773 2240 872 2264 sena-

126 2276 280 2316 toribus,
309 2276 406 2309 denn
433 2276 498 2309 (161·
518 2276 726 2320 vorschlag
747 2276 872 2311 wurde

126 2322 174 2355 im
191 2321 324 2356 Senate
345 2323 565 2365 gemacht&
581 2325 652 2366 11),
668 2324 715 2356 da
730 2323 872 2368 Appius

126 2380 252 2413 wegen
280 2369 401 2403 seiner
420 2369 567 2413 Jugend
594 2369 702 2404 nicht
729 2382 769 2404 zu
798 2370 871 2405 den

127 2415 362 2460 Beratnngen
372 2417 870 2462 dci-prirzezPesbeigezogen

125 2463 261 2497 wnrde.

172 2521 215 2544 ne
216 2511 351 2555 jotium
377 2511 502 2556 datur]
525 2510 604 2546 scil.
620 2512 870 2556 principibus,

125 2560 142 2598 ξ
166 2561 183 2590 7
212 2568 245 2591 u.
271 2562 323 2591 11.

174 2608 227 2638 11
254 2605 409 2649 sznqulz's
435 2605 624 2663 privatim]
668 2604 755 2640 den
793 2605 867 2640 ein-

126 2651 252 2684 zelnen
279 2652 338 2684 fiir
362 2650 441 2685 ihre
468 2650 633 2695 Person',
656 2652 706 2686 im
727 2652 807 2697 Geg
794 2664 868 2687 ren-

127 2700 203 2730 satz
238 2709 280 2731 zu
315 2699 481 2733 universo
506 2700 666 2741 senatui,
694 2665 869 2733 wahi3end

126 2745 229 2777 sonst
253 2744 426 2779 meistens
440 2746 616 2790 privatim
637 2727 709 2779 u⁷nd
726 2747 872 2790 publice

125 2789 303 2825 ‹inande1
337 2792 677 2837 entgegengestellt
710 2793 869 2828 werden.

177 2842 228 2870 12.
256 2839 422 2884 exempli]
452 2841 529 2874 Art.

176 2887 227 2917 13.
250 2885 453 2931 privatum]
481 2885 556 2920 Das
584 2885 766 2921 Tribunat
793 2898 866 2921 war

948 1947 1212 1992 urspriinglich
1263 1948 1446 1982 durchaus
1497 1959 1567 1982 nur
1611 1959 1694 1982 zum

949 1994 1107 2029 Schutze
1134 1995 1199 2029 der
1226 1995 1418 2031 einzelnen
1443 1995 1584 2040 Bsirger
1616 1995 1691 2030 ein-

949 2043 1094 2086 gesetzt
1121 2042 1281 2076 worden.

999 2093 1050 2124 15.
1076 2089 1261 2132 fremitus,
1287 2089 1406 2124 Lai-m.

995 2136 1278 2181 appellarentur]
1309 2135 1368 2170 Sie
1395 2136 1547 2171 wurden
1580 2147 1692 2182 ange-

947 2182 1070 2225 rufen,
1098 2183 1172 2217 (1.11
1204 2182 1610 2229 aufgefordert,gegen
1631 2183 1692 2219 die

947 2229 1210 2274 Abstimmung
1235 2231 1325 2265 fiber
1351 2231 1416 2265 das
1443 2231 1692 2276 Ackergesetz

947 2276 1176 2321 Einsprache
1203 2288 1245 2310 zu
1271 2277 1442 2313 erheben.

993 2324 1077 2369 esse]
1106 2324 1175 2358 mit
1201 2324 1290 2359 Gen.
1313 2325 1411 2368 qual.
1439 2324 1539 2360 eines
1567 2324 1690 2360 Subst.

943 2371 1012 2405 mit
1048 2370 1251 2415 Gerundiv,
1286 2369 1412 2406 ‘dieue
1448 2373 1557 2416 dazu,
1593 2371 1691 2407 habe

944 2418 1015 2452 den
1042 2417 1193 2460 Zweck,
1224 2419 1275 2452 361
1310 2419 1445 2453 darauf
1466 2416 1689 2463 berechnet',

943 2465 1121 2499 zuweilen
1148 2465 1209 2499 bei
1235 2465 1362 2500 Livius
1384 2467 1438 2513 (3,
1453 2469 1507 2509 24,
1527 2470 1538 2500 1
1556 2471 1633 2509 331,
1650 2470 1690 2509 ’ῖς

943 2516 998 2555 39,
1015 2517 1046 2547 8.
1063 2513 1101 2558 5,
1117 2518 1149 2555 3,
1166 2516 1196 2547 5.
1219 2513 1284 2559 27,
1301 2517 1332 2555 9,
1356 2516 1410 2549 12.
1433 2515 1504 2559 30,
1521 2517 1552 2556 9,
1567 2517 1600 2548 4.
1620 2515 1689 2560 34,

993 2610 1045 2641 16.
1068 2607 1286 2652 proditores]
1315 2607 1378 2641 Als
1411 2606 1584 2642 nachstes
1617 2607 1688 2642 Ob-

940 2653 1024 2697 jekt
1043 2664 1085 2686 zu
1105 2654 1327 2697 appellantes
1346 2657 1500 2698 erganze
1521 2664 1605 2688 man
1620 2664 1688 2698 eos,

944 2700 978 2734 d.
999 2700 1034 2735 h.
1061 2701 1315 2736 intercessores.

991 2747 1253 2791 consularium]
1290 2765 1325 2776 =
1352 2747 1586 2792 principum,
1606 2748 1687 2793 pri-

943 2805 1100 2836 morum,
1116 2793 1321 2838 eigentlich
1341 2793 1603 2839 Bezeichnung
1621 2794 1689 2829 der

943 2841 1110 2884 Manner,
1139 2841 1280 2875 welche
1312 2840 1378 2875 das
1410 2840 1595 2876 Konsulat
1625 2841 1687 2876 be-

939 2887 1083 2922 kleidet
1108 2887 1249 2921 hatten.
