1799 3105
49 120 75 138 a.
95 111 161 138 cnr.
180 119 208 137 n.
228 112 290 137 464.
610 101 755 136 LIBER
778 102 840 137 III.
892 101 994 138 CAP.
1022 106 1054 138 5.
1587 102 1612 143 9

168 210 212 253 Is
237 210 426 252 intentos
453 210 499 251 in
520 212 662 252 castra
686 209 883 252 Romana
902 209 1076 264 Aequos
1102 209 1321 265 legatique
1348 212 1477 264 caput
1501 209 1613 252 fero·
1639 222 1659 253 9

50 270 157 311 citer
201 271 472 311 ostentantes
518 270 572 311 ab
609 271 732 325 tergo
774 270 968 323 adortus,
1014 269 1143 310 simul
1188 269 1241 310 ad
1286 268 1458 324 signum
1498 284 1523 310 a
1568 284 1613 311 se

48 328 198 383 procul
227 328 390 369 editum
416 343 466 369 ex
493 329 646 370 castris
673 328 898 382 eruptione
923 328 1052 381 faeta,
1078 341 1282 383 magnam
1307 328 1394 369 vim
1420 328 1614 370 hostium

49 388 342 429 circumvenit.
405 388 547 429 minor
584 387 752 440 caedes,
790 387 895 442 fuga
927 386 1103 428 effusior
1141 387 1391 442 Aequorum
1429 387 1474 428 in
1509 401 1614 442 agro

48 446 132 487 fuit
163 446 380 500 Romano3
407 447 452 487 in
478 461 584 501 quos
617 447 786 501 palatos
818 446 1024 500 praedam
1059 448 1234 502 agentes
1261 446 1508 488 Postumius
1537 447 1614 488 ali-

49 507 177 560 quot
192 506 318 560 locis,
356 506 512 560 quibus
552 508 796 559 opportuna
834 505 1101 559 imposuerat
1133 505 1363 572 praesidia,
1402 506 1614 561 impetum

50 564 179 606 dedit.
229 564 274 605 hi
307 564 407 618 vagi
440 564 651 618 dissipato
685 564 856 619 agmine
882 564 1100 618 fugientes
1133 565 1178 605 in
1206 564 1454 614 Quinctium
1480 565 1614 607 victo-

48 638 140 665 rem
173 638 269 664 cum
296 623 440 665 saucio
474 623 648 665 consule
681 626 968 665 revertentem
1000 623 1199 665 incidere
1256 627 1350 665 tum
1377 624 1614 666 consularis

50 682 262 724 exercitus
302 683 477 737 egregia
514 696 663 738 pugna
702 682 890 724 consulis
925 682 1093 737 vulnus,
1131 683 1264 737 legati
1296 686 1339 724 et
1371 683 1615 725 cohortium

48 742 164 783 ultus
204 744 270 783 est
306 741 490 784 caedem.
553 756 737 797 magnae
778 741 919 783 clades
958 742 1072 783 ultro
1114 742 1306 797 citroque
1344 742 1431 783 illis
1464 742 1614 784 diebus

49 803 91 842 et
122 800 281 842 inlatae
315 803 358 842 et
391 803 600 854 acceptae.

167 859 356 901 Difficile
390 860 443 901 ad
469 860 594 901 fidem
622 862 688 901 est
712 860 756 901 in
782 862 873 901 tam
901 859 1080 915 antiqua
1105 874 1163 910 re,
1191 862 1296 914 quot
1321 861 1615 915 pugnaverint

49 918 355 973 ceciderintve,
394 922 542 961 exacto
586 919 811 961 adfirmare
848 933 1040 961 numero.
1099 919 1227 960 audet
1266 921 1413 961 tamen
1457 918 1614 961 Antias

46 977 248 1020 Valerius
293 979 517 1033 concipere
563 993 773 1020 summas:
823 978 1042 1020 Romanos
1089 978 1291 1020 cecidisse
1335 979 1379 1019 in
1423 978 1610 1021 Hernico

48 1051 154 1093 agro
188 1038 377 1092 quinque
417 1038 536 1079 milia
568 1038 858 1093 octingentos,
897 1052 948 1078 ex
986 1037 1316 1092 praedatoribus
1349 1037 1614 1093 Aequorum,

50 1097 122 1151 qui
154 1097 453 1151 populabundi
484 1097 530 1138 in
560 1097 717 1138 finibus
749 1096 957 1138 Romanis
990 1097 1273 1152 vagabantur,
1307 1097 1360 1138 ab
1388 1097 1439 1138 A.
1459 1097 1615 1139 Postu-

47 1155 134 1197 mio
168 1156 341 1197 consule
368 1156 450 1198 duo
482 1157 602 1198 milia
628 1159 670 1197 et
697 1156 1037 1211 quadringentos
1064 1170 1225 1209 caesos,
1258 1158 1443 1197 ceteram
1470 1157 1616 1197 multi-

47 1215 242 1256 tudinem
269 1215 471 1281 praedam
499 1218 717 1271 agentem,
746 1229 853 1270 quae
879 1215 1077 1257 inciderit
1097 1215 1143 1256 in
1173 1214 1432 1268 Quinctium,
1457 1230 1616 1270 nequa-

48 1288 176 1329 quam
196 1275 292 1329 pari
318 1274 562 1316 defunctam
588 1289 679 1316 esse
708 1274 852 1328 caede3
884 1274 1113 1316 interfecta
1137 1274 1236 1315 inde
1263 1276 1470 1328 quattuor
1495 1275 1617 1316 milia

49 1335 103 1387 et,
136 1333 405 1390 exsequendo
440 1334 655 1376 subtiliter
686 1348 925 1388 numerum,
958 1334 1164 1375 ducentos
1198 1333 1259 1374 ait
1292 1336 1334 1375 et
1364 1334 1561 1388 triginta.

165 1391 226 1434 Ut
268 1386 452 1434 Romam
489 1393 674 1435 reditum
713 1396 755 1434 et
798 1393 1012 1434 iustitium
1051 1393 1281 1434 remissum
1318 1395 1403 1446 est,
1449 1393 1615 1435 caelum

47 1452 189 1493 visum
221 1454 288 1493 est
319 1452 466 1493 ardere
498 1453 686 1507 plurimo
718 1452 824 1507 igni,
856 1454 1143 1507 portentaque
1171 1452 1258 1493 alia
1285 1455 1359 1493 aut
1386 1452 1615 1494 obversata

50 1510 185 1553 oculis
219 1513 294 1552 aut
324 1526 458 1553 vanas
491 1511 708 1553 exterritis
742 1513 1014 1553 ostentavere
1042 1511 1217 1565 species.
1270 1511 1338 1552 his
1372 1511 1616 1553 avertendis

97 1607 129 1638 9.
157 1614 180 1638 a
204 1603 256 1649 se]
292 1603 379 1638 ‘von
405 1603 515 1640 ihm'.
566 1604 641 1638 Das
677 1605 795 1639 Refle-

47 1651 173 1685 xivum
209 1650 311 1685 steht
342 1650 402 1685 ffir
435 1652 501 1686 das
540 1651 699 1697 Subjekt
731 1653 795 1686 des

48 1697 307 1742 Hauptsatzes,
334 1699 419 1733 weil
438 1700 536 1733 nach
555 1700 797 1734 lateinischer

48 1745 410 1789 Auffassungsweise
457 1746 516 1781 die
562 1746 796 1791 Participial-

49 1792 362 1827 konstruktionen
405 1793 510 1828 nicht
554 1794 608 1828 als
651 1792 797 1828 Neben-

868 1604 1004 1639 leriern
1030 1615 1072 1638 zu
1098 1604 1399 1639 unterscheiden.
1435 1624 1479 1629 -
1514 1604 1618 1638 Vale-

868 1652 948 1686 rius
974 1652 1127 1694 Antias,
1163 1651 1223 1685 ein
1251 1663 1359 1696 arger
1384 1651 1619 1687 Geschichts-

867 1698 1048 1742 falecher,
1092 1697 1263 1733 verfasste
1309 1699 1389 1733 eine
1433 1698 1618 1733 romische

871 1745 1097 1780 Geschichte
1123 1756 1197 1780 von
1224 1746 1455 1780 mindestens
1483 1749 1526 1780 75
1548 1745 1618 1780 Bfl-

51 1841 168 1883 s'atze,
202 1839 362 1874 sondern
393 1840 448 1874 als
480 1839 592 1875 blosse
620 1840 796 1876 Satzteile

49 1887 254 1922 behandelt
281 1888 439 1922 werden.

97 1934 346 1979 circumvenit]
375 1935 524 1969 machte
550 1934 688 1970 nieder.

100 1985 154 2016 10.
178 1982 342 2027 palatos]
377 1982 461 2016 dem
493 1981 629 2017 Partic.
656 1986 799 2027 agentes

49 2030 354 2073 untergeordnet,
381 2030 497 2064 daher
523 2030 610 2064 kein
635 2034 677 2064 et.

98 2076 246 2122 quibus]
273 2076 411 2112 Dativ?
436 2076 529 2122 Kap.
558 2081 590 2120 3,
612 2081 633 2111 5
654 2079 797 2123 praesi-

49 2124 114 2159 dia
133 2125 256 2168 portis
282 2125 466 2168 imposuit.

50 2218 84 2263 4
98 2172 286 2262 igigpetum9
288 2171 410 2262 degit]
432 2189 477 2254 5=
502 2173 673 2217 impetum
692 2172 797 2215 fecit;

102 2270 157 2300 11.
185 2246 400 2312 cohortium]
443 2266 556 2301 Diese
582 2265 734 2300 wurden
760 2266 798 2300 in

53 2315 72 2354 ξ
100 2317 120 2347 6
145 2312 251 2347 nicht
282 2315 460 2348 erw'ahnt.
512 2313 596 2358 Vgl.
629 2314 737 2349 Dion
765 2317 798 2358 9,

54 2363 116 2394 63.
138 2354 235 2403 ἦσαν
256 2359 296 2394 δὲ
319 2356 389 2394 δύο
410 2365 561 2404 σπεῖραι
574 2360 677 2417 περὶ
681 2358 798 2395 αὐτὸν

54 2406 181 2462 (n’aml.
198 2406 268 2441 den
285 2406 456 2451 Legaten
469 2407 618 2450 Furius)
634 2421 678 2442 ου
699 2409 798 2442 πλεί-

55 2467 120 2493 ους
146 2450 297 2496 οἷνδριόν
326 2453 480 2498 ἔχουσαι
505 2455 642 2498 χιλίων

104 2505 158 2536 12.
185 2501 337 2544 difficile
363 2502 411 2536 ad
436 2501 557 2546 fidem]
587 2501 772 2537 “schwer
763 2514 801 2536 111

54 2549 270 2592 Beziehung
314 2548 381 2583 auf
418 2548 476 2582 die
516 2546 802 2594 Glaubwurdig-

55 2595 163 2631 keit’.
202 2594 288 2640 Vgl.
310 2595 370 2639 21,
391 2599 448 2638 28,
470 2599 489 2630 6
516 2596 565 2630 ad
588 2596 694 2639 fidem
715 2607 802 2640 pro-

54 2644 141 2678 nius
171 2647 241 2684 est;
280 2643 321 2687 9,
351 2646 413 2687 16,
449 2647 492 2677 14
523 2643 613 2687 quia
643 2644 720 2687 ipse
745 2644 801 2678 in-

55 2691 143 2726 victi
169 2691 218 2725 ad
238 2691 394 2725 laborem
414 2691 576 2735 eorporis
595 2694 700 2732 esset;
727 2689 799 2726 Cic.

54 2737 152 2782 legg.
181 2742 220 2781 2,
249 2741 267 2779 ξ
294 2742 338 2772 33
370 2738 446 2772 nisi
475 2738 515 2772 hi
542 2748 661 2772 omnes
685 2738 802 2772 multa

57 2785 106 2819 ad
131 2786 316 2820 veritatem
342 2786 581 2820 admirabilia
611 2785 799 2820 dixissent.

104 2832 258 2878 Antias]
295 2833 584 2878 vorangestellt,
627 2843 689 2866 um
729 2831 801 2866 (1011

55 2879 278 2914 Annalisten
297 2879 463 2924 sogleich
483 2891 556 2915 von
577 2879 716 2915 andern
727 2879 801 2914 Va.-

870 1793 993 1836 chem,
1013 1793 1154 1827 welche
1174 1804 1247 1827 von
1271 1793 1336 1827 der
1360 1793 1486 1828 Urzeit
1505 1793 1618 1828 Roms

870 1840 926 1875 bis
961 1840 1028 1874 auf
1058 1839 1162 1874 Sulla
1194 1839 1346 1875 reichte.
1406 1840 1531 1875 Livius
1563 1851 1618 1874 er-

1642 398 1685 430 10

1642 634 1684 665 11

1641 871 1685 902 12

1640 990 1682 1020 13

1642 1403 1685 1435 14

870 1887 999 1921 wahnt
1023 1886 1089 1921 ihn
1115 1888 1238 1922 35mal
1263 1899 1298 1921 u.
1324 1887 1448 1922 tadelt
1476 1887 1532 1922 oft
1557 1887 1618 1922 die
1668 1884 1671 1886 ’

871 1934 1242 1979 Π11211νο11ἤο0181ςο113
1268 1934 1471 1970 desselben.
1510 1934 1619 1970 Viele

870 1981 1044 2017 Berichte
1089 1992 1162 2016 von
1198 1982 1412 2026 Feldzfigen
1449 1982 1518 2016 mit
1555 1994 1618 2027 ge-

871 2040 990 2064 nauen
1015 2028 1197 2073 Angaben
1224 2030 1316 2064 fiber
1342 2029 1400 2064 die
1434 2030 1525 2064 Zahl
1553 2030 1619 2064 der

871 2077 991 2111 Toten
1017 2088 1050 2110 u.
1077 2077 1319 2121 Gefangenen
1343 2087 1377 2111 u.
1405 2077 1470 2112 der
1489 2078 1619 2112 erbeu-

869 2125 972 2159 teten
998 2123 1241 2158 Feldzeichen
1269 2123 1352 2158 sind
1380 2125 1476 2159 ohne
1505 2125 1619 2159 Zwei-

870 2172 921 2206 fel
934 2183 1007 2207 von
1019 2171 1099 2206 ihm
1114 2170 1295 2206 erfunden
1307 2173 1468 2206 worden.
1484 2172 1620 2207 Wahr-

871 2219 1077 2254 scheinlich
1103 2218 1186 2253 sind
1218 2218 1278 2253 die
1306 2218 1620 2263 Zahlenangaben

870 2267 908 2300 111
934 2267 1027 2311 Kap.
1056 2269 1088 2310 3,
1116 2269 1148 2309 9,
1175 2266 1269 2310 Kap.
1297 2270 1329 2310 8,
1359 2270 1402 2302 10
1427 2279 1462 2301 11.
1489 2270 1546 2311 24,
1576 2270 1619 2301 10

872 2325 937 2348 aus
963 2313 1042 2348 ihm
1069 2324 1302 2359 genommen.

920 2361 1120 2406 concipere]
1155 2359 1393 2404 bestimmen‚
1429 2361 1620 2396 bestimmt

872 2408 1053 2453 angeben.

923 2459 977 2489 13.
1014 2466 1243 2500 nequaquam
1284 2455 1373 2499 pari
1416 2454 1503 2500 etc.]
1551 2453 1620 2488 ‘sei

873 2501 1106 2546 keineswegs
1138 2502 1209 2537 mit
1240 2502 1360 2537 einem
1399 2501 1524 2546 gleich
1557 2512 1619 2545 ge-

874 2549 1003 2593 ringen
1035 2549 1209 2584 Vei-Iuste
1242 2548 1619 2594 davongekommen'.

922 2597 1144 2640 exsequendo
1175 2597 1266 2631 subt.
1298 2595 1504 2640 numerum]
1543 2595 1620 2630 ‘in-

876 2643 960 2677 dem
987 2654 1026 2678 er
1052 2643 1110 2677 die
1139 2642 1174 2677 Z.
1202 2654 1323 2688 genau
1348 2643 1570 2677 bestimmt'.

925 2694 979 2725 14.
994 2701 1110 2725 vanas
1125 2717 1130 2722 .
1147 2719 1154 2725 .
1172 2718 1178 2725 .
1199 2690 1346 2736 species]
1363 2689 1620 2734 ‘Truggestal-

873 2737 967 2779 ten’,
994 2736 1203 2782 Gegensatz
1235 2749 1278 2772 zu
1305 2737 1376 2772 den
1401 2736 1621 2772 wirklichen

867 2787 1049 2829 portenta.

920 2832 976 2866 his
1003 2831 1206 2866 avertendis
1231 2831 1446 2878 terroribus]
1490 2831 1621 2866 Dieser

873 2879 1005 2914 freiere
1039 2878 1237 2914 Gebrauch
1270 2879 1334 2914 des
1368 2879 1523 2914 Dativus
1550 2878 1620 2914 Ge-
