1799 3105
124 147 205 187 104
676 141 815 175 LIBER
842 140 901 174 IV.
929 139 1031 175 CAP.
1059 144 1113 175 61.

1436 161 1459 178 a.
1473 160 1500 178 u.
1516 160 1540 178 c.
1554 153 1682 179 Minimo.

74 268 92 296 2
122 253 234 293 linus
260 253 456 305 tertium,
481 251 548 292 Μ’.
569 249 781 291 Aemilius
807 248 1105 290 Mamercinus.
1141 248 1193 289 ab
1214 248 1267 289 iis
1295 249 1480 302 primum
1508 248 1684 290 eircum-

122 311 227 353 sessi
256 310 334 352 Vei
368 314 478 351 sunt.
542 309 620 350 sul)
654 308 772 349 cuius
806 308 976 349 initium
1011 307 1244 348 obsidionis
1278 321 1372 348 cum
1403 307 1686 349 Etruscorum

122 371 350 412 concilium
384 369 435 410 ad
468 368 615 410 fanum
641 367 903 408 Voltumnae
941 366 1188 421 frequenter
1227 366 1422 408 habitum
1456 368 1585 419 esset,
1612 380 1685 421 pa·

122 444 216 470 rum
250 428 462 482 constitit,
492 427 658 469 bellone
692 426 863 480 publico
897 426 1038 481 gentis
1065 425 1288 467 universae
1313 425 1462 467 tuendi
1486 424 1687 467 Veientes

123 491 275 530 essent.

241 547 304 588 Ea
339 545 607 600 oppugnatio
642 544 814 600 segnior
847 543 1090 598 insequenti
1124 557 1233 584 anno
1275 543 1358 585 fuit
1396 546 1516 598 parte
1554 541 1686 584 tribu-

125 621 276 647 norum
323 604 624 658 exercitusque
670 603 721 644 ad
764 602 971 645 Volscum
1019 605 1198 644 avocata
1242 602 1416 644 bellum.
1490 601 1688 643 tribunos

128 665 313 706 militum
348 663 565 705 consulari
599 666 815 717 potestate
849 664 884 703 is
919 676 1055 703 annus
1087 661 1241 702 habuit
1275 660 1320 703 C.
1352 661 1574 703 Valerium
1609 660 1687 701 Po-

125 725 252 765 titum
296 723 491 777 tertium,
531 722 599 764 M'.
632 721 829 777 Sergium
871 720 1143 775 Fidenatem,
1183 719 1229 762 P.
1262 719 1511 762 Cornelium
1551 719 1689 762 Malu-

126 783 370 836 ginensem,
405 780 480 823 Cn.
508 780 755 823 Cornelium
791 779 993 833 Cossum,
1025 780 1074 821 K.
1104 778 1284 820 Fabium
1312 780 1592 834 Ambustum,
1619 777 1688 833 Sp.

125 841 336 883 Nautium
370 840 567 881 Rutilum
600 840 769 882 iterum.
832 853 927 881 cun]
963 838 1134 880 Volscis
1166 839 1282 880 inter
1313 812 1592 880 Ferentinuui
1625 841 1688 879 at-

87 915 96 923 *
126 916 206 956 que
239 900 440 942 Ecetram
474 900 611 954 signis
645 899 814 941 collatis
847 898 1116 951 dimicatum·
1148 897 1356 939 Romanis
1389 897 1574 939 secunda
1604 898 1689 938 1-01·

125 965 231 1001 tuna
250 973 419 1015 pugnae
438 934 540 1001 fuit0
564 959 728 999 Artena
754 931 1149 1012 inde,V01se01u⁷m
1178 957 1402 1011 oppidum,
1423 957 1476 998 ab
1504 955 1691 998 tribunis

128 1019 314 1061 obsideri
347 1021 510 1072 coepta
572 1017 670 1058 inde
702 1017 816 1058 inter
855 1017 1123 1070 eruptionem
1165 1017 1425 1070 temptatam
1469 1014 1691 1070 compulso

127 1079 170 1119 in
204 1078 354 1119 urbem
385 1077 512 1118 hoste
556 1076 723 1118 occasio
763 1076 864 1117 data
902 1079 968 1116 est
1005 1074 1212 1116 Romanis
1252 1074 1539 1129 irrumpendi,
1571 1088 1692 1129 prae-

82 1152 99 1161 -
128 1141 276 1191 terque
311 1150 451 1178 arcem
486 1139 627 1177 cetera
659 1138 795 1189 capta.
858 1135 902 1175 in
935 1149 1075 1175 arcem
1108 1134 1319 1175 munitam
1351 1137 1507 1175 natura
1539 1133 1694 1189 globus

129 1199 391 1237 armatorum
413 1195 644 1248 eoncessit3
664 1194 776 1235 infra
796 1208 936 1235 arcem
965 1193 1076 1235 caesi
1098 1193 1297 1248 captique
1324 1193 1451 1234 multi
1477 1192 1696 1234 mortales.

129 1271 202 1297 arx
230 1254 380 1296 deinde
408 1254 705 1308 obsidebatur,
731 1268 808 1295 nec
835 1256 909 1294 aut
930 1253 972 1294 vi
999 1252 1093 1306 capi
1120 1255 1311 1307 poterat,
1332 1253 1432 1307 quia
1454 1266 1529 1307 pro
1552 1251 1694 1307 spatio

128 1314 212 1356 loci
247 1314 352 1355 satis
385 1313 591 1368 praesidii
623 1287 829 1366 habebat,
863 1316 937 1353 aut
973 1327 1091 1366 spem
1134 1312 1264 1352 dabat
1305 1311 1537 1353 deditionis
1579 1309 1696 1352 omni

129 1373 302 1429 publico
343 1372 581 1425 frumento,
613 1373 864 1426 priusquam
907 1371 1009 1412 urbs
1054 1373 1298 1436 caperetur,
1330 1370 1375 1412 in
1420 1385 1560 1412 arcem
1602 1383 1697 1411 con-

130 1435 274 1481 vecto;
308 1431 535 1485 taedioque
562 1445 775 1472 recessum
804 1430 901 1471 inde
927 1430 1056 1484 foret,
1078 1431 1122 1470 ni
1150 1444 1297 1471 servus
1325 1444 1463 1471 alcen]
1489 1428 1696 1471 Romanis

131 1465 322 1547 prodidis
305 1494 405 1532 sset.
467 1491 520 1531 ab
554 1504 602 1531 eo
635 1490 798 1531 milites
831 1504 906 1543 per
938 1489 1078 1530 locum
1113 1489 1291 1530 arduum
1325 1488 1490 1543 accepti
1531 1501 1698 1542 cepere3

132 1565 155 1592 a
189 1550 342 1605 quibus
376 1564 471 1591 cum
506 1549 703 1591 custodes
736 1548 1073 1602 trucidarentur,
1105 1552 1242 1589 cetera
1277 1547 1508 1588 multitudo
1546 1561 1696 1601 repen-

133 1610 224 1651 tino
258 1623 417 1663 pavore
453 1622 659 1663 oppressa
691 1608 735 1649 in
768 1607 1033 1649 deditionem
1066 1607 1198 1648 venit.
1260 1606 1405 1648 diruta
1438 1609 1481 1648 et
1520 1620 1613 1647 arce
1656 1607 1698 1646 et

132 1668 233 1710 urbe
266 1669 432 1709 Artena
472 1667 672 1709 reductae
714 1667 904 1722 legiones
949 1681 997 1708 ex
1032 1665 1223 1721 Volscis,
1265 1666 1487 1720 omnisque
1523 1665 1584 1707 vis
1619 1664 1699 1706 Ro-

179 1783 245 1819 M’.
278 1784 470 1829 Aemilius]
507 1782 649 1817 Konsul
675 1787 742 1817 410
771 1782 877 1828 (Kap.

181 1882 210 1913 2.
256 1878 492 1923 cirmaemsessz]
541 1878 744 1922 umlagert‚
790 1877 879 1911 aber

134 1925 231 1961 noch
267 1925 373 1959 nicht
407 1925 526 1969 vollig
562 1925 878 1970 eingeschlossen.

135 1973 221 2007 Erst
239 1972 422 2007 nachdem
443 1971 481 2006 in
502 1972 575 2006 den
597 1974 719 2007 ersten
739 1972 878 2007 Jahren

135 2019 259 2065 wenig
280 2019 441 2054 erreicht
462 2020 611 2054 worden
632 2030 717 2062 war,
746 2018 881 2054 schritt

135 2078 221 2101 man
258 2078 321 2100 zur
356 2066 635 2112 vollstandigen
672 2066 881 2101 Einschlie-

137 2113 240 2158 ssung
267 2115 312 2157 (5,
339 2118 368 2156 1,
385 2115 432 2158 8).

181 2161 261 2206 sub]
301 2172 329 2194 c.
357 2161 442 2195 Aac.
470 2172 548 2203 um,
580 2160 659 2204 bei,
693 2160 782 2194 kurz
818 2170 884 2194 vor

136 2208 194 2242 od.
210 2207 335 2252 gleich
350 2207 462 2250 nach,
479 2206 535 2242 oft
549 2209 615 2243 sub
629 2209 721 2243 idem
736 2212 884 2252 tempus.

181 2256 312 2298 fanum
343 2254 568 2300 Voltumnae]
597 2255 808 2299 Kap.23‚5.

181 2302 396 2347 frequenter]
424 2299 543 2336 ‘unter
568 2300 704 2346 grosser
728 2301 878 2336 Beteili-

135 2347 260 2394 gung’.
287 2349 359 2383 Das
381 2348 559 2393 Adjektiv
586 2352 682 2383 ware
708 2348 789 2383 hier
814 2348 879 2382 fib-

134 2397 270 2439 ficher,
305 2395 430 2430 indem
466 2396 532 2430 das
565 2396 704 2430 seltene
731 2395 882 2430 Adverb

136 2455 207 2478 von
232 2443 357 2477 Livius
385 2445 489 2477 sonst
506 2454 574 2477 nur
594 2443 664 2477 mit
681 2447 882 2488 unperson-

135 2491 258 2525 lichen
279 2490 454 2525 Passiven
479 2490 695 2525 verbunden
715 2490 824 2524 wird:
853 2495 883 2534 1,

137 2544 191 2580 11,
217 2542 238 2572 4
263 2538 416 2573 Romam
441 2538 525 2573 inde
547 2538 575 2581 f.
595 2539 791 2583 ‘migratum
816 2542 866 2573 est
875 2551 888 2581 ,·

137 2589 275 2628 2,62,4
302 2596 335 2619 u.
357 2588 389 2626 9,
404 2588 459 2627 28,
476 2588 496 2619 5
521 2585 547 2628 f.
573 2585 827 2628 hamathaeum
855 2589 886 2628 1,

137 2637 192 2674 30,
210 2637 226 2666 1
255 2643 323 2676 quo
348 2633 573 2676 frequentius
597 2633 833 2667 habitaretur.

187 2683 217 2713 4.
245 2679 313 2714 Μ).
334 2679 513 2724 Sergium]
536 2679 633 2713 nach
660 2679 731 2713 den
750 2679 889 2713 Fasten

140 2726 181 2760 L.
196 2727 222 2769 f.
239 2726 284 2760 L.
299 2738 334 2760 n.
361 2726 464 2769 (aber
483 2725 571 2761 kein
591 2726 688 2760 Sohn
709 2726 773 2760 des
794 2725 887 2771 Kap.

142 2777 194 2815 17,
212 2777 229 2808 7
251 2774 464 2817 genannten
482 2773 525 2807 L.
537 2773 684 2818 Seryius
697 2773 888 2817 Fidenas),

140 2819 232 2853 auch
261 2824 328 2854 402
355 2819 680 2854 Konsulartribun.

187 2866 226 2900 P.
256 2866 477 2913 Cornelium]
507 2866 606 2901 Sohn
634 2868 699 2902 des
724 2867 886 2902 Konsuls

140 2923 211 2947 von
240 2917 323 2948 436.
351 2913 459 2948 nicht
485 2913 613 2948 weiter
638 2916 814 2959 genannt.

1000 1782 1064 1817 οη.
1092 1781 1312 1828 Cornelium]
1341 1781 1434 1827 Kap.
1449 1785 1504 1825 58,
1519 1785 1552 1817 6.

999 1841 1046 1876 K.
1075 1840 1250 1886 Fabium]
1277 1840 1488 1886 Kap.54‚3.

999 1900 1144 1946 iterum]
1177 1899 1388 1945 unrichtige
1419 1899 1575 1945 Angabe
1611 1899 1703 1933 statt

951 1948 1119 1990 tertium;
1144 1947 1238 1992 Kap.
1253 1951 1309 1990 44,
1327 1951 1367 1981 13
1393 1959 1430 1982 u.
1455 1950 1559 1991 47,8.

1002 2011 1033 2042 5.
1077 2007 1192 2051 siquis
1241 2006 1394 2052 collatis]
1445 2004 1703 2041 ‘Feldzeiohen

955 2064 1076 2099 gegen
1104 2052 1172 2096 F.',
1198 2071 1233 2082 =
1258 2054 1357 2088 iusta
1381 2054 1458 2088 acie
1483 2054 1624 2098 (22,24‚
1643 2056 1702 2094 11,

955 2105 1011 2145 23,
1032 2105 1086 2145 40,
1110 2105 1148 2143 9;
1174 2105 1300 2144 23,49,
1318 2104 1360 2134 13
1387 2112 1422 2135 u.
1449 2100 1528 2145 oft).
1586 2144 1590 2148 Β

1005 2165 1036 2195 6.
1081 2161 1188 2195 multi
1229 2159 1410 2205 mortales]
1459 2158 1598 2193 Sallust
1639 2167 1702 2203 ge-

957 2207 1117 2242 braucht
1141 2207 1308 2242 mortales
1334 2206 1390 2241 oft
1416 2208 1508 2240 statt
1531 2205 1704 2248 hominem,

960 2253 1094 2289 Caesar
1135 2253 1213 2295 nie,
1251 2252 1378 2287 Livius
1421 2253 1624 2288 besonders
1666 2251 1706 2285 in

959 2301 1088 2336 Reden
1114 2313 1148 2336 u.
1171 2300 1554 2344 Schlachtberichten,
1577 2299 1704 2335 Cicero

953 2360 1022 2382 nur
1047 2347 1116 2382 mit
1141 2349 1410 2392 vorgesetztem
1429 2348 1552 2391 multi,
1574 2356 1706 2395 omneS,

954 2396 1076 2431 cuncti
1098 2395 1204 2441 (Kap.
1221 2400 1251 2439 3,
1270 2396 1340 2441 17).

1006 2458 1036 2489 7.
1064 2455 1142 2500 nec]
1171 2454 1401 2489 adversativ!

999 2524 1069 2558 pro
1088 2515 1206 2558 spatio
1227 2514 1310 2560 loci]
1337 2513 1388 2548 im
1410 2511 1624 2548 Vei-haltnis
1645 2522 1708 2546 zur

959 2560 1213 2606 Ausdehnung
1240 2561 1303 2595 des
1329 2560 1487 2595 PlatzeS.

1003 2620 1170 2665 publico]
1210 2631 1274 2654 aus
1302 2620 1374 2654 den
1398 2617 1618 2664 Magazinen
1643 2617 1708 2652 der

962 2667 1177 2702 Gemeinde

1008 2729 1041 2761 8.
1067 2726 1217 2771 accepti]
1234 2725 1292 2769 Vg
1294 2725 1316 2761 1.
1335 2730 1365 2768 1,
1381 2729 1434 2768 11,
1451 2728 1470 2759 6
1490 2728 1532 2760 ut
1550 2728 1709 2758 armatos

960 2773 1001 2807 in
1014 2784 1131 2808 arcem
1145 2774 1312 2817 accipiat.
1339 2771 1408 2806 Die
1416 2770 1710 2815 Wiederholung

963 2819 1052 2854 des
1042 2831 1090 2854 im
1109 2819 1439 2864 vorhergehenden
1460 2818 1575 2853 sehon
1589 2817 1712 2853 sechs—

961 2867 1036 2901 mal
1080 2865 1397 2901 vorkommenden
1441 2865 1592 2900 Wortes
1643 2875 1714 2899 arx

962 2913 1057 2947 wird
1084 2913 1165 2948 hier
1189 2912 1416 2948 vermieden.
