1799 3105
108 47 166 89 40
618 48 763 83 Licca
788 48 849 84 111.
889 47 988 84 CAP.
1017 53 1072 84 22.
1100 53 1156 84 23.
1475 67 1500 86 ἢ.
1520 67 1548 86 u.
1569 67 1593 87 ο.
1613 61 1677 90 295.

109 170 206 197 cum
239 155 291 196 ad
323 156 367 197 id
400 159 617 210 spectator
649 169 818 210 pugnae
853 156 1106 210 adstitisset,
1138 156 1274 199 libero
1308 171 1460 212 campo
1493 159 1674 214 adeptus

61 226 80 256 9
107 217 231 270 parte
264 215 467 256 victoriae
500 215 656 255 fruitur
687 216 860 255 territos
894 214 1120 263 caedendo.
1180 229 1338 270 magna
1371 220 1414 258 et
1445 218 1490 259 in
1520 220 1675 262 castris

111 277 154 315 et
185 275 306 315 extra
339 274 607 314 munimenta
640 273 790 315 caedes
822 273 1080 328 fugientium
1106 274 1206 327 fuit,
1240 275 1313 316 sed
1339 277 1499 329 praeda
1524 279 1678 334 maior,

110 333 210 387 quia
236 333 306 373 vix
333 347 453 374 arma
480 347 623 374 secum
651 332 798 373 efferre
824 332 962 374 hostis
989 333 1142 387 potuit.
1187 333 1438 389 deletusque
1465 337 1674 380 exercitus

110 391 241 444 foret,
274 392 317 432 ni
349 391 555 445 fugientis
590 391 723 432 silvae
756 391 973 434 texissent.

38 451 94 492 23
229 449 341 490 Dum
375 450 427 491 ad
459 450 640 492 Antium
672 450 778 492 haec
805 453 1026 505 geruntur,
1062 451 1235 493 interim
1255 450 1396 507 Aequi
1427 453 1581 496 robore
1612 455 1674 498 iu-

111 509 300 550 ventutis
328 510 565 563 praemisso
593 523 735 551 arcem
760 509 1048 551 Tusculanam
1074 510 1308 565 improviso
1335 514 1459 554 nocte
1479 514 1674 569 capiunt3

110 568 275 621 reliquo
309 568 494 623 exercitu
526 569 639 610 haud
678 570 827 622 procul
864 569 1090 611 moenibus
1128 570 1300 611 Tusculi
1338 571 1584 625 considunt,
1626 576 1674 615 ut

63 638 82 668 2
111 626 405 668 distenderent
436 627 624 669 hostium
659 629 814 682 copias.
861 628 967 670 haec
999 629 1193 670 celeriter
1225 629 1421 684 Romam,
1453 631 1507 672 ab
1533 630 1672 673 Roma

108 686 153 726 in
186 689 329 727 castra
356 687 535 727 Antium
567 688 734 741 perlata
766 690 941 728 movent
973 687 1196 730 Romanos
1228 688 1343 729 haud
1370 702 1510 741 sccuS‚
1543 705 1670 745 quam

107 744 143 786 si
164 743 425 799 Capitolium
446 749 618 800 captum
638 746 932 800 nuntiaretur3
968 746 1073 788 adeo
1101 753 1144 788 et
1167 761 1315 788 recens
1349 750 1442 789 erat
1467 747 1669 791 Tuscula-

107 818 261 845 norum
294 805 513 857 meritum,
562 808 604 846 et
641 804 877 846 similitudo
915 806 1011 859 ipsa
1049 807 1228 860 periculi
1266 820 1488 860 reposcere
1521 808 1669 850 datum

60 874 80 905 3
109 863 316 904 auxilium
343 863 579 905 videbatur.
622 863 780 905 Fabius
803 865 970 906 omissis
992 865 1192 906 omnibus
1212 865 1414 918 praedam
1442 880 1491 907 ex
1518 868 1670 908 castris

107 922 266 975 raptim
293 923 473 963 Antium
508 923 731 976 convehit3
770 923 831 963 ibi
863 923 1031 965 modico
1064 924 1278 977 praesidio
1311 925 1460 966 relicto
1493 926 1672 967 citatum

109 995 264 1035 agmen
297 980 530 1022 Tusculum
564 982 689 1036 rapit.
746 981 856 1023 nihil
888 986 1059 1036 praeter
1093 997 1212 1023 arma
1252 985 1294 1023 et
1332 983 1444 1037 quod
1475 985 1586 1026 cocti
1618 985 1672 1026 ad

108 1054 282 1080 manum
302 1040 384 1081 fuit
411 1040 494 1081 cibi
520 1041 631 1082 ferre
658 1041 789 1082 militi
816 1041 956 1096 licuit3
984 1044 1269 1083 commeatum
1292 1042 1345 1083 ab
1366 1041 1504 1084 Roma
1524 1044 1672 1085 consul

57 1109 79 1139 4
107 1096 332 1140 Cornelius
372 1099 581 1141 subvehit.
645 1101 810 1154 aliquot
847 1114 1016 1142 menses
1058 1100 1233 1142 Tusculi
1270 1101 1488 1144 bellatum.
1549 1106 1672 1157 parte

107 1158 315 1199 exercitus
349 1159 498 1200 consul
532 1163 675 1200 castra
706 1160 955 1214 Aequorum
989 1160 1285 1214 oppugnabat,
1317 1163 1486 1214 partem
1513 1160 1671 1204 Tuscu-

105 1217 216 1258 lanis
250 1217 425 1258 dederat
457 1218 510 1259 ad
543 1232 683 1259 arcem
709 1219 1057 1273 recuperandam.
1109 1219 1152 1260 vi
1185 1234 1421 1274 numquam
1455 1234 1504 1262 eo
1537 1220 1672 1281 subiri

58 1285 78 1317 5
105 1276 266 1331 potuit3
300 1276 434 1317 fames
466 1279 687 1331 postremo
720 1278 820 1319 inde
859 1278 1046 1320 detraxit
1080 1278 1262 1320 hostem.
1325 1293 1409 1333 quo
1441 1268 1673 1335 postq‘ffioem

104 1337 280 1376 ventum
314 1335 367 1376 ad
399 1338 634 1377 extremum
674 1340 756 1391 est,
795 1338 977 1378 inermes
1012 1337 1199 1391 nudique
1233 1351 1380 1379 omnes
1412 1338 1492 1380 sub
1524 1339 1673 1394 iugum

107 1393 160 1434 ab
193 1393 446 1435 Tusculanis
487 1395 619 1436 missi.
681 1396 760 1437 hos
799 1396 1090 1451 ignominiosa
1128 1396 1232 1451 fuga
1269 1396 1444 1438 domum
1485 1411 1529 1438 se
1566 1398 1672 1439 reci-

106 1452 273 1506 pientes
301 1451 522 1494 Romanus
551 1455 700 1495 consul
726 1455 770 1495 in
796 1455 955 1509 Algido
983 1457 1237 1496 consecutus
1271 1454 1325 1496 ad
1355 1470 1489 1497 unum
1522 1471 1668 1498 omnes

59 1524 78 1555 6
106 1512 271 1553 occidit.
328 1512 468 1553 victor
501 1513 553 1554 ad
587 1511 796 1555 Columen
822 1538 877 1542 ——
911 1514 953 1554 id
986 1514 1078 1555 loco
1117 1528 1273 1555 nomen
1312 1516 1378 1556 est
1406 1539 1457 1544 —
1486 1515 1672 1557 exercitu

153 1639 263 1674 libero
287 1639 429 1686 campo]
445 1656 490 1668 =
505 1643 629 1684 aperto
650 1651 787 1685 campo,
801 1642 852 1675 im

105 1685 314 1731 Gegensatz
336 1698 419 1721 zum
438 1687 570 1731 Lager,
590 1699 647 1722 wo
668 1688 734 1722 der
750 1688 853 1723 Wall

105 1733 164 1768 die
190 1732 318 1768 Reiter
343 1733 516 1770 aufhielt.
560 1734 645 1780 Vgl.
671 1734 731 1779 23,
753 1739 810 1779 47,
831 1739 852 1769 4

105 1781 216 1816 libero
240 1782 370 1825 spatio.

152 1832 183 1862 9.
211 1828 336 1874 silvae]
380 1828 476 1863 ohne
504 1828 685 1874 Adjektiv
716 1829 755 1863 in
788 1830 852 1865 der

103 1875 223 1919 Regel
249 1875 388 1918 Plural‚
415 1875 540 1910 indem
557 1876 665 1921 J'cder
685 1877 850 1912 einzelne

104 1921 186 1956 Teil
221 1922 320 1957 eines
352 1922 507 1958 VValdes
540 1924 634 1958 eben
669 1924 767 1958 auch
793 1924 853 1959 ein

102 1969 215 2003 Wald
240 1969 301 2004 ist.

150 2016 212 2051 23.
242 2020 271 2052 1.
303 2017 390 2052 dum
410 2045 417 2052 .
441 2046 447 2053 .

101 2062 195 2107 Kap.
224 2067 279 2107 17,
309 2068 362 2100 12.

144 2111 294 2156 procul]
340 2111 401 2146 bei
439 2110 619 2145 Dichtern
659 2111 733 2146 und
779 2112 850 2146 seit

102 2156 231 2191 Livius
259 2158 354 2192 auch
380 2158 419 2192 in
445 2157 510 2192 der
534 2157 653 2193 Prosa
671 2159 849 2203 gewohn-

102 2203 178 2238 lich
194 2204 248 2238 als
266 2204 504 2249 Pr'aposition
524 2205 595 2240 mit
611 2205 696 2240 dem
711 2204 850 2241 blossen

102 2251 256 2286 Ablativ
270 2252 496 2294 verbunden,
518 2252 679 2286 seltener
698 2251 753 2286 als
773 2253 850 2287 Ad—

101 2298 190 2332 verb
216 2298 285 2332 mit
311 2299 356 2333 ab
383 2298 487 2342 (Kap.
515 2302 577 2342 26,
605 2303 625 2333 3
647 2301 779 2344 procul
805 2300 849 2334 ab

101 2345 222 2389 hoste).

151 2396 183 2426 2.
211 2393 299 2428 adeo
327 2392 416 2428 oder
435 2393 523 2427 adeo
544 2394 638 2428 enim
663 2393 769 2428 leitet
788 2394 849 2429 bei

101 2438 180 2475 Liv.
218 2439 273 2474 oft
310 2440 392 2474 eine
429 2439 745 2476 nachdrfickliche
776 2440 847 2476 Be-

101 2486 301 2531 gri'indung
326 2486 385 2521 ein
412 2487 498 2532 (vgl.
527 2487 620 2532 Kap.
648 2491 680 2531 7,
706 2490 752 2532 2).

144 2537 175 2568 3.
192 2534 373 2580 omnibus]
384 2551 428 2562 =
437 2535 603 2570 omnibus
610 2535 726 2578 rebus,
737 2535 846 2570 ‘alles

101 2580 266 2617 andere’.

148 2629 299 2662 citatum
334 2639 461 2672 aymen
497 2628 697 2664 Tusculum
727 2630 843 2675 rapit]

103 2673 218 2709 ‘zieht
241 2674 279 2708 in
301 2675 453 2720 eiligem
471 2675 640 2711 Marsche
660 2677 755 2711 nach
774 2675 845 2719 T.’,

100 2720 358 2766 Bezeichnung
377 2721 515 2766 grosser
534 2723 627 2758 Eile.
663 2722 724 2766 23,
746 2727 803 2766 36,
824 2728 845 2757 3

101 2766 297 2802 Hannibal
337 2770 489 2804 citatum
535 2781 662 2814 aqmen
700 2774 846 2814 praeter

102 2813 264 2858 Capuam
280 2816 401 2859 rapit;
421 2817 480 2859 25,
497 2820 552 2860 35,
571 2822 588 2851 1
609 2818 716 2852 (luces
729 2817 846 2852 Poeni

470 2046 476 2052 .
498 2018 661 2064 interim]
695 2017 780 2062 Vgl.
808 2030 851 2053 zu

926 1641 975 1694 aql
995 1641 1268 1677 Hasdrubalem
1293 1643 1446 1677 citatum
1465 1653 1592 1688 aymen
1610 1655 1671 1679 ra-

921 1692 1064 1770 pzzglctii
1084 1763 1091 1770 .
1108 1764 1114 1770 .
1133 1763 1141 1771 .
1162 1736 1248 1782 eibi]
1272 1736 1306 1771 d.
1326 1737 1362 1771 h.
1386 1736 1671 1781 ‘Gebackenes’,

924 1781 1016 1817 Brot
1053 1783 1128 1818 und
1161 1783 1367 1818 Zwieback.
1429 1783 1672 1820 Gewohnlich

924 1829 1057 1864 hatten
1090 1830 1150 1865 die
1183 1830 1360 1866 Soldaten
1396 1831 1503 1866 einen
1535 1831 1673 1866 Vorrat

924 1887 998 1912 von
1022 1877 1195 1913 Getreide
1222 1878 1284 1912 bei
1309 1878 1399 1913 sich.

974 1939 1006 1970 4.
1038 1937 1252 1983 numquam]
1286 1937 1370 1971 weil
1396 1937 1456 1972 die
1481 1937 1584 1983 Burg
1608 1938 1675 1973 auf

926 1982 1027 2017 einer
1053 1983 1185 2019 steilen
1216 1983 1374 2019 Anhohe
1406 1985 1470 2029 lag
1494 1985 1570 2019 und
1602 1997 1671 2020 nur

925 2029 1033 2065 einen
1071 2030 1262 2065 schmalen
1302 2031 1457 2076 Zugang
1494 2042 1567 2066 von
1605 2032 1671 2067 der

925 2076 1036 2111 Stadt
1060 2077 1127 2112 her
1151 2078 1267 2113 hatte.

970 2124 1148 2170 detraxit]
1176 2124 1383 2168 ‘vertrieb’,
1395 2125 1487 2159 kurz
1507 2126 1601 2161 statt
1620 2127 1668 2170 ef-

921 2170 1017 2214 fecit,
1043 2174 1084 2206 ut
1108 2172 1390 2208 detraherentur.

971 2233 1002 2264 5.
1037 2230 1122 2276 quo]
1145 2248 1189 2259 =
1209 2242 1264 2275 60,
1295 2232 1337 2265 in
1371 2242 1506 2273 arcem,
1543 2231 1669 2266 indem

924 2277 983 2311 die
1022 2278 1350 2323 ansgehungerten
1387 2277 1525 2313 Feinde
1564 2278 1669 2313 nicht

923 2324 1030 2358 mehr
1062 2336 1105 2359 zu
1137 2325 1386 2360 widerstehen
1417 2326 1667 2361 vermochten.

972 2378 1021 2411 acl
1043 2378 1254 2424 extremum]
1273 2382 1514 2423 =postremo,
1534 2379 1589 2414 oft
1607 2380 1668 2415 bei

922 2423 997 2459 Cic.
1018 2425 1093 2459 und
1112 2424 1204 2468 Liv„
1225 2426 1306 2461 hier
1324 2426 1533 2471 begriindet
1551 2426 1666 2461 durch

921 2474 940 2513 ξ
966 2475 988 2505 4
1014 2473 1156 2516 aliquot
1180 2483 1322 2508 menses.

967 2525 1146 2572 nudique]
1168 2525 1219 2560 im
1234 2525 1464 2569 Untcrkleid,
1480 2526 1665 2561 seminudi

919 2571 955 2615 9,
982 2575 1013 2606 6.
1045 2577 1075 2616 1,
1102 2583 1181 2607 cum
1206 2573 1362 2617 sinyulis
1386 2573 1604 2608 vestimentis
1628 2573 1665 2616 9,

919 2622 952 2661 4,
980 2623 1000 2653 3
1028 2620 1102 2654 und
1125 2624 1179 2663 15,
1207 2623 1239 2654 6.

966 2673 1032 2707 sub
1059 2673 1202 2718 iuyum]
1238 2671 1325 2717 Vgl.
1350 2672 1445 2716 Kap.
1472 2675 1529 2716 28,
1557 2676 1611 2707 11.

966 2725 1117 2771 occidit]
1143 2725 1212 2760 Die
1226 2724 1353 2769 Aquer
1372 2725 1502 2759 hatten
1523 2724 1602 2759 sich
1618 2737 1665 2761 an

919 2770 979 2806 die
1005 2772 1234 2807 Tusculaner
1259 2771 1418 2815 ergeben
1445 2772 1520 2806 und
1543 2782 1666 2807 waren

918 2828 992 2852 von
1014 2819 1127 2853 ihnen
1147 2818 1387 2862 freigelassen
1409 2819 1575 2862 worden3
1595 2819 1662 2854 Fa-
