1799 3105
59 174 74 192 a
95 166 163 192 Chr.
179 173 197 191 n
218 166 278 191 431.

583 151 727 186 LIBER
753 151 815 186 IV.
843 150 946 188 CAP.
974 156 1029 187 27.
1059 155 1114 187 28.
1572 157 1625 199 51

63 263 268 304 eventum
301 260 483 316 periculi
516 261 664 315 alieni,
695 275 773 315 pro
807 275 851 302 se
885 260 1082 302 incautos
1113 261 1322 317 neglectis
1356 261 1515 316 vigiliis
1549 265 1634 305 sta-

63 321 344 375 tionibusque
378 323 443 361 est
476 319 671 375 adortus,
703 320 822 375 prius
849 335 984 374 paene
1019 320 1134 375 cepit
1160 323 1321 376 castra,
1355 335 1483 376 quam
1511 335 1643 377 oppu-

64 380 188 436 gnari
219 380 368 421 hostes
403 379 509 422 satis
544 379 713 421 scirent.

775 379 874 421 inde
907 379 1046 435 fumo,
1085 383 1132 421 ut
1175 383 1454 435 convenerat,
1494 380 1644 424 datum
1682 396 1722 426 12

63 440 235 496 signum
256 439 330 480 ubi
352 441 629 494 conspectum
652 439 709 480 ab
732 438 944 480 dictatore
967 441 1052 494 est,
1073 439 1286 481 exclamat
1308 442 1435 495 capta
1448 440 1642 483 hostium

62 502 220 554 castra,
252 498 529 553 nuntiarique
562 498 726 553 passim
760 497 895 539 iubet.

183 558 242 600 Et
273 559 360 600 iam
393 557 630 599 luciscebat
662 557 892 612 omniaque
927 557 1006 598 sub
1041 557 1175 598 oculis
1210 560 1345 600 erant.

63 633 159 660 cum
198 618 394 673 equitatu
427 617 635 671 impetum
666 616 863 671 dederat,
897 618 940 657 et
967 617 1114 657 consul
1143 617 1415 671 eruptionem
1444 633 1465 660 e
1493 619 1647 661 castris

61 678 106 719 in
140 676 334 731 trepidos
368 676 454 717 iam
495 676 643 719 hostes
683 675 862 730 fecerat,
907 675 1094 717 dictator
1136 677 1299 732 autem,
1340 680 1465 732 parte
1509 678 1648 720 altera
1677 694 1696 724 2

64 735 258 778 subsidia
291 739 334 777 et
367 735 597 777 secundam
632 734 765 776 aciem
801 735 1000 790 adortus,
1033 735 1344 790 circumagenti
1387 751 1430 777 se
1471 737 1521 778 ad
1564 738 1649 780 dis-

65 810 192 837 sonos
228 795 438 836 clamores
481 809 529 836 ac
563 794 731 836 subitos
771 794 986 835 tumultus
1031 793 1148 836 hosti
1194 795 1383 850 undique
1431 796 1650 839 obiecerat

61 855 274 897 victorem
306 853 496 909 peditem
531 854 819 909 equitemque.
867 853 1150 896 circumventi
1184 854 1324 909 igitur
1357 855 1444 896 iam
1479 856 1522 897 in
1557 872 1644 899 me-
1676 873 1696 904 3

63 915 133 956 dio
167 913 218 955 ad
252 928 385 955 unum
431 927 580 955 omnes
619 928 781 968 poenas
820 913 1070 955 rebellionis
1112 913 1353 970 dedissent,
1391 915 1436 956 ni
1469 914 1646 958 Vettius

62 974 249 1016 Messius
277 988 327 1014 ex
348 972 542 1028 Volscis,
561 973 750 1014 nobilior
771 973 836 1014 vir
867 972 995 1014 factis
1023 988 1152 1028 quam
1181 986 1357 1028 genere,
1390 974 1477 1016 iam
1498 975 1646 1017 orbem

62 1033 288 1075 volventes
322 1046 422 1074 suos
450 1033 676 1086 increpans
706 1033 819 1074 clara
844 1046 948 1074 voce
975 1028 1063 1074 ‘hic
1090 1029 1350 1088 praebituri'
1380 1033 1523 1089 inquit
1548 1031 1645 1077 ‘vos
1675 1052 1696 1081 4

62 1092 163 1134 telis
195 1092 388 1134 hostium
423 1092 527 1133 estis
560 1091 792 1146 indefensi,
824 1091 983 1133 inulti?
1017 1092 1118 1147 quid
1152 1092 1289 1147 igitur
1315 1107 1436 1135 arma
1461 1093 1647 1149 habetis,

65 1155 140 1194 aut
173 1151 273 1207 quid
307 1152 424 1193 ultro
457 1151 621 1193 bellum
654 1151 885 1207 intulistis,
917 1152 961 1192 in
995 1151 1085 1193 otio
1119 1152 1405 1208 tumultuosi,
1444 1152 1488 1194 in
1529 1153 1647 1195 bello

64 1211 248 1267 segnes?
290 1211 390 1266 quid
423 1210 494 1252 hic
527 1211 743 1252 stantibus
778 1210 867 1266 spei
902 1210 1000 1252 est‘?
1045 1225 1097 1252 an
1143 1211 1271 1253 deum
1317 1211 1503 1267 aliquem
1551 1228 1649 1268 pro·

63 1274 279 1313 tecturum
323 1285 400 1312 vos
440 1273 752 1326 rapturumque
796 1270 897 1312 hinc
940 1270 1137 1325 putatis?
1178 1270 1292 1312 ferro
1331 1271 1402 1313 via
1446 1271 1646 1314 facienda

64 1334 141 1372 est.

204 1331 297 1385 hac,
331 1345 414 1385 qua
446 1345 514 1372 me
547 1343 850 1385 praegressum
882 1329 1098 1385 videritis,
1131 1330 1265 1385 agite,
1299 1331 1372 1385 qui
1403 1331 1540 1373 visuri
1573 1332 1646 1373 do·
1676 1348 1695 1379 5

62 1404 175 1446 moe,
207 1393 429 1445 parenteS,
463 1389 688 1444 coniuges,
721 1389 880 1431 liberos
909 1389 1034 1444 estis,
1066 1389 1126 1431 ite
1159 1404 1341 1433 mecum.
1383 1405 1469 1432 non
1497 1405 1646 1433 murus

61 1464 140 1492 nec
165 1449 349 1503 vallum,
382 1449 455 1491 sed
489 1449 646 1490 armati
680 1448 859 1490 armatis
894 1448 1082 1490 obstant.
1128 1449 1289 1491 virtute
1326 1464 1467 1504 pares,
1499 1465 1648 1493 neces-

64 1509 212 1563 sitate,
245 1523 353 1563 quae
385 1509 588 1550 ultimum
610 1523 659 1549 ac
690 1508 926 1550 maximum
949 1508 1085 1550 telum
1120 1512 1204 1564 est,
1237 1509 1478 1563 superiores
1508 1511 1647 1552 estis’.

62 1568 168 1610 haec
200 1569 392 1610 locutum
428 1570 818 1623 exsequentemque
860 1568 976 1609 dicta
1012 1568 1311 1623 redintegrato
1353 1568 1538 1610 clamore
1579 1584 1645 1611 se·
1675 1588 1695 1618 6

64 1629 152 1669 cuti
185 1628 290 1669 dant
320 1628 672 1683 impressionem,
712 1642 798 1683 qua
833 1626 1086 1669 Postumius
1122 1628 1260 1669 Albus
1319 1628 1521 1670 cohortes
1573 1629 1646 1671 ob-

116 1761 170 1791 11.
188 1756 318 1802 alieni]
337 1755 449 1790 n'aml.
474 1755 703 1800 denjenigen,
726 1755 812 1790 wel-

65 1804 133 1838 che
147 1803 213 1837 das
227 1802 348 1848 Lager
363 1802 428 1837 des
442 1802 605 1837 Konsuls
619 1802 813 1847 angriffen.

111 1850 335 1896 oppugnari]
364 1849 443 1884 scil.
470 1861 530 1893 ea,
544 1867 579 1879 =
593 1855 724 1886 eastra.

114 1903 168 1934 12.
194 1897 313 1944 fumo]
335 1897 393 1931 Da
411 1897 551 1932 bereits
573 1897 639 1932 der
658 1897 816 1942 Morgen

64 1946 248 1990 anbrach,
277 1956 317 1980 so
343 1945 485 1980 konnte
513 1945 636 1980 dieses
654 1944 817 1980 Zeichen

63 2006 129 2029 aus
156 1993 222 2029 der
247 1993 364 2028 Ferne
390 1992 563 2027 bemerkt
589 1992 750 2027 werden.

112 2040 339 2086 convenerat]
365 2039 445 2075 scil.
472 2041 568 2075 inter
594 2052 674 2076 eum
695 2045 726 2076 et
746 2041 818 2076 dic-

61 2094 212 2126 tatorem
238 2087 632 2134 (fibereinkommen').

111 2136 175 2173 28.
210 2142 240 2173 1.
278 2137 402 2172 omnia
516 2135 635 2181 erant]
668 2134 720 2169 im
751 2134 819 2170 fol-

63 2185 213 2231 genden
239 2183 395 2228 erkl'art,
423 2183 493 2218 mit
511 2184 731 2228 Asyndeton
759 2194 818 2218 ex-

64 2232 299 2279 plicativum.

111 2281 178 2316 sub
205 2279 334 2325 oculis]
357 2278 409 2312 im
429 2277 666 2313 klassischen
683 2277 819 2313 Latein

66 2327 204 2363 selten:
238 2325 342 2361 Caes.
369 2325 404 2361 b.
434 2325 476 2362 Gr.
503 2330 535 2371 5,
564 2330 618 2370 16,
648 2330 686 2369 13
720 2325 755 2360 b.
786 2337 816 2363 e.

67 2381 97 2420 1,
126 2379 182 2418 57,
210 2378 248 2417 43
274 2373 353 2412 Liv.
381 2377 435 2418 22,
466 2378 520 2417 14,
549 2379 588 2416 33
618 2373 715 2409 &fter
733 2377 818 2408 arcte

65 2424 204 2466 oculos,
231 2423 274 2457 ob
300 2421 442 2464 oculos,
467 2422 510 2456 irc
535 2422 660 2456 oeulis.

111 2471 285 2516 impetum
304 2468 465 2514 dederat]
481 2467 656 2503 Dieselbe
676 2468 817 2503 Phrase

63 2517 183 2554 findet
214 2516 294 2551 sich
328 2515 426 2550 auch
452 2520 485 2559 2,
514 2519 568 2559 19,
597 2520 614 2551 7
648 2515 725 2550 und
759 2520 814 2560 51,

64 2571 104 2609 43
131 2569 163 2607 3,
192 2569 223 2609 5,
254 2568 315 2605 103
344 2568 374 2607 9,
403 2567 458 2607 43,
489 2567 544 2598 15.
594 2562 686 2597 Hier
712 2562 818 2597 dient

64 2613 118 2649 sie
137 2624 202 2646 zur
212 2610 491 2655 Abwechslung
509 2609 581 2645 mit
599 2611 684 2644 dem
703 2610 816 2644 nach-

0 2692 1 2710 ]
62 2661 268 2705 folgenden
292 2659 436 2703 fecerat.

112 2712 144 2744 2.
166 2712 274 2754 parte
298 2706 428 2752 altera]
458 2704 593 2740 ebcnso
621 2705 697 2740 alia
711 2708 820 2749 parte

62 2756 157 2801 Kap.
196 2761 235 2800 9,
276 2759 318 2789 14
356 2753 433 2788 und
473 2757 532 2797 29,
573 2756 611 2795 23
648 2751 820 2787 fiblicher

63 2807 162 2838 ware
189 2805 234 2839 ab
262 2802 352 2837 oder
378 2812 430 2837 eoe.

112 2850 290 2896 undique]
312 2860 421 2885 wenn
445 2859 532 2883 man
559 2847 620 2882 die
640 2847 817 2892 Truppen

65 2899 131 2933 des
178 2898 357 2941 Konsuls,
398 2897 463 2932 des
501 2895 564 2941 Sp.
602 2895 815 2929 Postumius

63 2945 141 2979 und
168 2945 233 2980 des
260 2945 396 2980 Fabius
422 2942 680 2978 hinzunimmt.

937 1760 968 1790 3.
996 1756 1044 1790 ad
1069 1766 1186 1790 urium
1212 1755 1347 1800 omnes]
1386 1755 1461 1790 alle
1493 1755 1551 1790 bis
1585 1755 1652 1790 auf

889 1803 961 1837 den
988 1803 1130 1837 letzten
1155 1802 1279 1837 Mann.

937 1885 980 1909 ea:
1017 1873 1168 1919 Volscis]
1208 1872 1408 1907 attributiv
1444 1873 1515 1908 wie
1551 1874 1649 1920 Kap.

892 1926 946 1964 13,
976 1926 993 1955 1
1022 1932 1065 1956 ex
1091 1921 1245 1965 equestri
1269 1921 1407 1956 ordine.

938 1981 1058 2016 orbem
1082 1979 1273 2025 volventes]
1297 1980 1434 2015 ebenso
1456 1984 1512 2023 22,
1534 1985 1589 2025 29,
1612 1985 1647 2026 5,

894 2028 1012 2062 durch
1032 2026 1283 2072 Wendungen
1308 2027 1384 2061 und
1410 2027 1646 2063 Zusammen-

894 2076 1061 2120 drangen
1091 2073 1212 2110 ‘einen
1242 2073 1349 2109 Kreis
1380 2074 1534 2110 bilden'.
1585 2075 1647 2111 Sie

893 2124 1053 2158 macheu
1100 2122 1199 2157 nach
1250 2122 1349 2157 allen
1393 2121 1474 2157 vier
1518 2122 1646 2158 Seiten

892 2170 1010 2206 Front
1040 2171 1117 2204 und
1149 2169 1311 2204 nehmen
1344 2169 1427 2204 eine
1453 2169 1535 2205 sich
1561 2170 1646 2206 dem

893 2218 1025 2254 Kreise
1050 2217 1242 2252 n'ahernde
1267 2217 1510 2263 Aufstellung
1537 2230 1595 2254 an.

940 2282 972 2314 4.
1000 2277 1135 2324 inquit]
1164 2277 1218 2311 als
1246 2277 1293 2312 ob
1312 2278 1374 2313 sed
1391 2276 1645 2322 vorausginge

892 2327 986 2361 statt
1021 2326 1083 2369 ‘ni5
1121 2325 1219 2359 denn
1255 2324 1354 2359 nach
1391 2325 1433 2360 ni
1472 2327 1647 2359 erwartet

890 2384 978 2408 man
1004 2372 1112 2407 einen
1138 2371 1250 2417 Konj.
1277 2371 1404 2416 Plusq.

939 2437 971 2468 5.
997 2431 1105 2478 quae]
1132 2431 1239 2466 nicht
1257 2431 1353 2476 quod
1377 2429 1429 2465 im
1448 2429 1646 2465 Anschluss

891 2490 939 2514 an
973 2481 1100 2523 telum,
1133 2478 1219 2513 weil
1254 2478 1375 2513 dieses
1407 2477 1567 2512 bildlich
1600 2489 1645 2511 zu

890 2527 1091 2562 verstehen
1115 2525 1176 2561 ist.

938 2585 1062 2631 telum]
1090 2583 1245 2619 ‘Waffez
1286 2588 1341 2627 21,
1369 2587 1425 2627 44,
1453 2587 1473 2618 9
1499 2584 1644 2619 nullum

892 2636 1095 2677 contemptu
1126 2632 1253 2667 mortis
1283 2632 1394 2667 telum
1425 2631 1474 2666 ad
1499 2632 1643 2666 vincen-

892 2681 979 2716 dum
1015 2680 1154 2715 homiui
1190 2679 1236 2714 ab
1277 2679 1335 2714 dis
1378 2679 1645 2714 immortalibus

891 2728 1017 2763 acrius
1041 2727 1168 2762 datum
1193 2729 1252 2761 est.

941 2790 973 2821 6.
1017 2784 1277 2830 exsequentem]
1324 2784 1538 2829 ausffihren,
1584 2784 1643 2819 ins

893 2833 1009 2868 lVerk
1037 2835 1172 2868 setzen.

939 2894 1031 2928 dant
1057 2891 1341 2937 impressionem]
1364 2890 1476 2925 Sonst
1494 2891 1644 2935 impres-

889 2941 1025 2976 sionem
1054 2940 1174 2983 facere
1204 2939 1313 2984 (Kap.
1334 2942 1390 2982 29,
1411 2943 1442 2974 3.
1470 2943 1501 2982 3,
1524 2942 1580 2983 62,
1595 2940 1646 2982 7).

1312 2997 1361 3032 4*

1409 561 1452 600 et
1482 558 1647 601 Fabius
1666 561 1720 603 28
