1799 3105
639 81 784 117 LIBER
808 80 870 118 HI.
917 81 1018 119 CAP.
1045 85 1102 118 69.
1592 83 1675 125 113

98 102 129 121 a.
151 94 217 121 Chr.
236 102 265 119 n.
284 93 346 119 446.

103 193 400 236 consulatibus
422 193 523 233 ante
544 191 664 246 actis,
690 191 867 246 dignam
887 191 977 232 vita
998 190 1126 245 omni,
1151 191 1279 245 plena
1305 191 1520 233 honorum
1545 206 1673 248 saepe

104 254 338 309 gestorum,
371 251 540 305 saepius
574 251 851 292 meritorum:
883 250 990 291 alios
1023 250 1223 292 consules
1257 254 1331 291 aut
1362 264 1437 304 per
1469 252 1674 305 proditio·
1702 263 1725 293 4

102 326 201 354 nem
240 310 468 366 dignitatis
506 313 679 364 patrum
716 309 833 363 plebi
871 308 1068 350 adulatos
1101 311 1176 350 aut
1208 309 1358 351 acerbe
1390 310 1550 352 tuendo
1582 311 1677 353 iura

103 370 267 413 ordinis
295 370 558 424 asperiorem
579 369 792 411 domando
820 368 1143 409 multitudinem
1168 368 1333 423 fecisse,
1354 368 1402 410 T.
1423 368 1676 418 Quinctium

102 430 343 472 orationem
375 443 612 471 memorem
638 428 880 470 maiestatis
912 430 1085 482 patrum
1112 428 1448 483 concordiaeque
1475 429 1676 472 ordinum

102 492 147 530 et
177 491 420 543 temporum
451 488 498 529 in
529 488 681 542 primis
714 487 929 528 habuisse.
993 501 1114 528 orare
1149 502 1246 528 eum
1279 487 1595 543 collegamque,
1627 493 1676 531 ut

101 549 378 603 capesserent
408 562 499 588 rem
530 547 766 602 publicam;
800 560 921 588 orare
953 545 1172 600 tribunos,
1204 550 1252 588 ut
1283 561 1367 589 uno
1403 548 1546 590 animo
1580 563 1676 590 cum

100 607 350 650 consulibus
402 606 567 648 bellum
612 606 665 647 ab
711 606 817 647 urbe
863 619 911 646 ac
955 605 1180 647 moenibus
1225 606 1473 660 propulsari
1517 608 1677 650 vellent

101 666 357 722 plebemque
390 665 690 707 oboedientem
721 665 767 706 in
792 679 838 706 re
864 667 956 706 tam
981 664 1150 719 trepida
1176 665 1374 719 patribus
1399 667 1677 720 praeberent:

102 725 322 779 appellare
352 724 550 766 tribunos
585 739 856 766 communem
887 723 1075 778 patriam
1101 724 1391 779 auxiliumque
1419 740 1567 767 eorum
1599 727 1676 768 im·

100 785 272 838 plorare
293 784 477 826 vastatis
500 784 630 839 agris,
656 784 761 825 urbe
782 798 917 838 prope
938 786 1202 839 oppugnata.
1241 798 1456 826 consensu
1483 786 1677 827 omnium

101 843 284 885 dilectus
317 843 562 885 decernitur
593 843 873 897 habeturque.
920 856 1016 884 cum
1043 843 1241 884 consules
1273 843 1320 884 in
1347 845 1547 886 contione
1580 860 1677 900 pro-

101 902 377 944 nuntiassent
413 905 584 957 tempus
622 917 711 945 non
751 917 843 944 esse
883 916 1033 944 causas
1073 902 1379 957 cognoscendi,
1425 917 1572 945 omnes
1614 905 1677 946 iu-

101 963 244 1004 niores
282 964 457 1016 postero
498 962 566 1003 die
603 962 745 1017 prima
782 962 876 1004 luce
914 962 959 1003 in
998 976 1149 1016 campo
1188 961 1347 1004 Martio
1387 962 1590 1005 adessent
1620 988 1679 994 —

101 1021 410 1077 cognoscendis
449 1022 588 1063 causis
629 1036 794 1075 eorum,
835 1021 908 1076 qui
945 1022 1121 1062 nomina
1158 1036 1246 1063 non
1285 1021 1518 1077 dedissent,
1562 1023 1676 1066 bello

102 1080 294 1135 perfecto
325 1095 369 1122 se
397 1080 573 1123 daturos
607 1083 798 1136 tempus;
830 1095 907 1136 pro
941 1080 1158 1122 desertore
1192 1081 1403 1136 futurum,
1437 1083 1557 1124 cuius
1590 1098 1679 1125 non

102 1140 364 1194 probassent
384 1154 557 1182 causam
577 1165 632 1170 —
655 1141 795 1181 omnis
821 1141 1022 1182 iuventus
1050 1140 1190 1182 adfuit
1214 1143 1388 1195 postero
1411 1141 1489 1183 die.
1528 1142 1679 1184 cohor-

102 1202 169 1241 tes
203 1199 286 1241 sibi
319 1214 513 1254 quaeque
547 1200 824 1241 centuriones
857 1200 1074 1254 legerunt3
1113 1199 1205 1241 bini
1239 1203 1460 1242 senatores
1494 1201 1679 1257 singulis

103 1258 354 1300 cohortibus
385 1260 634 1313 praepositi.
684 1258 790 1301 haec
824 1259 972 1301 omnia
1004 1259 1110 1301 adeo
1143 1261 1309 1301 mature
1342 1260 1533 1314 perfecta
1566 1276 1680 1303 acce-

102 1318 264 1373 pimus⁷
296 1319 345 1359 ut
377 1318 501 1373 signa
529 1332 577 1360 eo
604 1318 698 1372 ipso
727 1318 793 1359 die
821 1333 845 1360 a
871 1318 1173 1373 quaestoribus
1200 1333 1251 1360 ex
1279 1320 1445 1361 aerario
1478 1323 1680 1375 prompta

103 1377 330 1431 delataque
368 1377 414 1419 in
453 1391 652 1432 campum
692 1380 848 1432 quarta
885 1378 969 1419 diei
1007 1378 1116 1419 hora
1153 1381 1273 1419 mota
1311 1393 1363 1419 ex
1402 1394 1553 1434 campo
1594 1380 1680 1422 sint

103 1436 399 1492 exercitusque
437 1451 573 1478 novus
612 1436 762 1491 paucis
797 1437 1048 1479 cohortibus
1080 1440 1273 1479 veterum
1306 1438 1494 1480 militum
1527 1439 1679 1481 volun-

101 1498 192 1537 tate
218 1496 496 1551 sequentibus
523 1497 735 1538 manserit
761 1496 815 1538 ad
843 1496 1056 1538 decimum
1082 1496 1284 1551 lapidem.
1328 1498 1558 1553 insequens
1590 1499 1679 1541 dies

102 1555 273 1597 hostem
311 1555 358 1596 in
390 1558 664 1610 conspectum
703 1555 838 1607 dedit,
877 1559 1102 1610 castraque
1142 1556 1195 1598 ad
1228 1555 1488 1599 Corbionem
1527 1559 1679 1601 castris

103 1616 205 1656 sunt
237 1615 478 1656 coniuncta.
521 1615 651 1656 tertio
679 1615 759 1669 die,
785 1630 882 1657 cum
909 1616 974 1657 ira
994 1614 1229 1670 Romanos,
1254 1616 1367 1671 illos,
1395 1631 1491 1658 cum
1518 1618 1679 1659 totiens

102 1674 403 1728 rebellassent,
443 1675 709 1716 conscientia
747 1675 896 1729 culpae
936 1689 984 1716 ac
1018 1675 1261 1729 desperatio
1302 1675 1520 1731 imitaret,
1558 1692 1681 1719 mora

103 1732 336 1775 dimicandi
367 1733 488 1775 nulla
521 1736 587 1775 est
617 1733 745 1776 facta.

152 1830 184 1860 4.
208 1837 276 1869 per
295 1825 558 1871 proditionem]
586 1825 657 1861 wie
682 1825 854 1861 Valerius

102 1873 179 1908 und
199 1872 390 1908 Horatius.
421 1884 487 1918 per
506 1873 644 1918 model,
670 1873 741 1908 wie
760 1873 853 1917 Kap.

151 1967 289 2012 acerbe]
329 1967 399 2003 wie
431 1967 575 2013 Appius
608 1967 787 2003 Claudius
820 1967 854 2011 ⁶2,

104 2019 160 2059 56,
190 2019 244 2058 11,
274 2014 518 2050 Cincinnatus
545 2015 640 2060 Kap.
668 2019 723 2058 20,
747 2019 778 2050 8.

152 2066 184 2098 5.
211 2063 333 2108 orare]
360 2063 428 2099 Inf.
453 2062 553 2106 hist,
582 2063 856 2108 entsprechend

102 2111 222 2146 dicere
248 2113 267 2152 ξ
293 2114 324 2145 3.

152 2158 392 2204 capesse-rent]
413 2169 558 2202 capesso
577 2169 651 2193 rem
665 2158 855 2203 publicam

102 2205 284 2241 bedeutet
321 2207 425 2240 sonst
465 2205 541 2240 ‘ich
578 2205 715 2240 widme
754 2206 855 2240 mich

105 2253 191 2288 dem
211 2252 515 2295 Staatsdienste'3
543 2253 624 2288 hier
650 2252 771 2288 sollen
795 2253 854 2288 die

103 2299 272 2335 Konsuln
307 2300 402 2334 ‘sich
435 2300 500 2335 des
530 2300 678 2335 Staates
712 2301 855 2336 anneh-

105 2347 222 2389 men’,
247 2346 314 2380 ihn
341 2347 528 2382 schfitzen.

152 2394 337 2439 tribunos]
376 2393 487 2429 Diese
525 2405 651 2429 waren
690 2394 768 2430 also
802 2394 855 2429 im

106 2441 242 2477 Senate
288 2442 364 2486 (am
408 2440 618 2487 Eingange)
669 2454 853 2488 zugegen3

103 2489 181 2534 vgl.
209 2489 302 2533 Kap.
331 2492 362 2531 9,
393 2493 424 2523 6.

146 2536 330 2582 patriam]
377 2535 537 2581 Subjekt
575 2548 620 2570 zu
659 2538 854 2581 appellare.

105 2585 180 2619 Der
206 2586 292 2619 Acc.
321 2595 350 2619 c.
378 2583 445 2619 Inf.
476 2584 527 2618 ist
559 2583 750 2629 abh'angig
782 2595 856 2619 von

107 2631 230 2666 einem
260 2642 327 2666 aus
353 2641 458 2666 orare
485 2643 530 2665 zu
556 2631 856 2666 entnehmenden

106 2678 273 2713 Verbum
300 2678 461 2713 dicendi.

155 2729 187 2761 6.
228 2737 360 2761 causas
393 2726 644 2772 cognoscendi]
684 2725 717 2760 d.
745 2726 780 2760 h.
815 2738 858 2760 zu

106 2773 370 2816 untersuchen,
405 2774 452 2808 ob
485 2773 606 2808 dieser
640 2773 731 2807 oder
752 2773 859 2818 jener

107 2831 174 2854 aus
231 2820 488 2866 gesetzlichen
538 2820 715 2855 Grtinden
772 2831 857 2856 vom

107 2866 369 2912 Kriegsdienst
395 2880 438 2903 zu
464 2867 629 2903 befreien
656 2868 719 2904 sei.

178 2933 246 2958 Liv.
266 2934 299 2959 B.
320 2935 344 2961 3.

928 1827 1682 1911 wgfflssgfflffffgssgg{fflggg'gled·&32¹1

930 1920 1097 1964 (Kerker‚
1125 1891 1302 1957 Verkau?
1318 1923 1357 1958 in
1385 1922 1445 1958 die
1473 1889 1682 1967 Sffiazerep

929 1968 1210 2015 Hinrichtung).

977 2031 1009 2063 8.
1047 2029 1291 2075 centuriones]
1325 2030 1384 2064 fiir
1410 2029 1470 2065 die
1498 2030 1578 2065 drei
1603 2031 1679 2066 Ma-

928 2075 1032 2120 nipel
1065 2076 1167 2111 einer
1194 2076 1311 2122 jeden
1336 2077 1516 2113 Kohorte.
1569 2078 1681 2114 Sonst

929 2123 1083 2158 wurden
1110 2124 1164 2158 sie
1189 2136 1263 2160 von
1290 2125 1362 2160 den
1385 2125 1592 2161 Feldherrn
1618 2138 1682 2171 ge—

928 2170 1057 2207 wahlt.

977 2236 999 2259 α
1013 2226 1282 2273 quaestoribus]
1304 2226 1387 2272 Vgl.
1409 2239 1455 2261 zu
1470 2226 1632 2271 Kap.·24‚
1647 2231 1677 2262 3.

929 2271 991 2307 Sie
1017 2273 1235 2309 erscheinen
1260 2273 1342 2308 hier
1368 2286 1451 2309 zum
1478 2274 1680 2310 erstenmal

929 2320 983 2354 als
999 2319 1183 2356 Aufseher
1210 2321 1276 2356 der
1297 2321 1614 2365 Schatzkammer‚
1641 2322 1679 2356 in

928 2367 1089 2402 welcher
1128 2369 1181 2404 sie
1213 2370 1308 2404 auch
1345 2369 1404 2404 die
1435 2370 1590 2404 Fahnen
1623 2370 1679 2404 als

928 2415 1122 2451 wertvolle
1130 2415 1391 2461 Gegenstande
1402 2416 1678 2452 aufbewahren.

975 2468 1017 2502 in
1055 2470 1238 2515 ecimpum]
1278 2469 1387 2504 Nach
1420 2473 1438 2511 ἓ
1466 2473 1486 2503 6
1523 2471 1679 2515 erg'anzt

930 2514 995 2549 der
1020 2514 1133 2550 Leser
1159 2516 1255 2551 ohne
1281 2517 1451 2551 weiteres
1480 2517 1676 2552 Martium.

978 2569 1108 2614 viatus]
1145 2569 1308 2604 welches
1340 2569 1435 2604 eben
1462 2570 1540 2604 erst
1565 2570 1682 2604 durch

929 2614 990 2649 die
1034 2615 1267 2662 Aushebung
1316 2616 1485 2662 gebildet
1530 2617 1683 2652 werden

931 2660 1072 2697 musste.

980 2711 1170 2754 manserit]
1198 2710 1283 2756 Vgl.
1312 2711 1406 2756 Kap.
1434 2714 1490 2754 45,
1513 2714 1544 2746 7.

979 2762 1154 2810 lapidem]
1177 2782 1221 2793 =
1243 2765 1465 2807 miliarium,·
1485 2765 1578 2810 Kap.
1600 2769 1632 2808 6,
1650 2769 1680 2799 7.

979 2825 1010 2856 9.
1047 2823 1260 2869 coniuncta]
1295 2834 1335 2859 so
1362 2823 1457 2858 auch
1483 2823 1522 2867 4,
1552 2828 1614 2867 32,
1644 2829 1681 2867 63

931 2870 1034 2904 sonst
1072 2874 1195 2906 eastra
1233 2872 1364 2907 castris
1395 2872 1576 2914 conferre,
1617 2872 1683 2907 das

1377 2933 1398 2966 8

1709 1629 1751 1659 10
