1799 3105
62 170 291 197 a,ehr‚n,409‚
578 156 721 191 Lissa
749 157 808 192 ir.
854 157 955 192 me.
985 163 1038 192 4
1066 164 1121 193 3.3.
1575 163 1630 204 93

55 265 235 320 animis,
268 280 363 307 cum
397 269 440 307 et
471 265 650 320 spiritus
678 266 799 320 plebs
827 267 1085 321 sumpsisset
1111 271 1154 308 et
1180 271 1268 308 tres
1297 267 1349 308 ad
1378 269 1629 322 popularem

61 339 235 366 causam
291 324 555 366 celeberrimi
611 325 797 366 nominis
854 325 1032 367 liaberet
1088 327 1233 380 duces,
1286 330 1430 380 patres
1486 329 1629 368 omnia

60 385 319 439 quaestoriis
364 384 570 438 comitiis,
615 384 688 425 ubi
729 388 958 439 utrumque
1002 386 1117 439 plebi
1151 386 1316 440 liceret,
1349 386 1509 427 similia
1539 386 1628 427 fore

57 446 281 485 cernentes
308 443 481 485 tendere
503 443 555 484 ad
576 444 802 484 consulum
824 444 1010 497 comitia,
1038 460 1145 499 quae
1174 445 1363 486 nondum
1385 445 1626 499 promiscua

10 552 21 560 α
61 505 222 557 essent3
249 503 358 544 Icilii
386 505 535 544 contra
561 502 757 543 tribunos
785 502 973 544 militum
1003 503 1207 545 creandos
1231 505 1368 545 dicere
1391 507 1433 545 et
1454 504 1626 545 tandem
1656 511 1675 541 9

60 561 290 616 aliquando
324 561 632 616 impertiendos
666 561 782 616 plebi
814 561 1011 603 honores.

178 619 260 662 Sed
286 620 405 662 nulla
431 624 525 662 erat
550 621 789 662 consularis
817 621 947 674 actio,
975 636 1101 676 quam
1129 622 1400 675 impediendo
1429 623 1489 676 id,
1516 623 1627 677 quini
1644 634 1699 662 oo

57 681 283 734 petebant,
338 679 644 734 exprimerent,
696 694 791 721 cum
837 680 947 721 mira
992 682 1317 735 opportunitate
1358 681 1540 723 Volscos
1586 686 1627 723 ε-ῖῑ

57 739 232 793 Aequos
290 739 544 793 praedatum
601 743 721 780 extra
775 739 880 780 fines
936 740 1073 780 exisse
1128 740 1173 781 in
1227 755 1377 794 agrum
1425 741 1627 782 Latinum

56 797 376 853 Hernicumque
419 798 619 840 adfertur.
693 798 745 839 ad
785 798 896 853 quod
932 799 1092 840 bellum
1126 800 1199 840 ubi
1233 814 1282 840 ex
1317 802 1490 841 senatus
1524 815 1622 841 con-
1654 807 1672 836 2

55 856 171 898 sulto
211 858 406 899 consules
445 857 651 898 dilectum
688 858 847 899 habere
887 858 1119 913 occipiunt,
1159 859 1329 899 obstare
1369 862 1470 900 tunc
1503 860 1625 900 enixe

54 916 239 971 tribuni,
291 916 374 958 sibi
425 917 626 972 plebique
679 932 773 958 eam
817 917 1040 958 fortunam
1086 918 1279 958 oblatam
1325 922 1625 959 memorantes.

53 977 142 1016 tres
182 979 306 1017 erant
345 979 386 1017 et
425 990 573 1017 omnes
614 977 810 1017 acerrimi
850 976 930 1017 viri
969 977 1249 1031 generosique
1284 978 1389 1031 iam,
1432 981 1479 1018 ut
1511 978 1626 1019 inter
1654 984 1672 1014 3

52 1034 259 1088 plebeios.
323 1035 406 1076 duo
446 1035 605 1091 singuli
645 1035 839 1091 singulos
879 1036 962 1077 sibi
995 1036 1193 1078 consules
1226 1036 1515 1078 adservandos
1558 1052 1623 1079 as-

52 1093 178 1135 sidua
219 1108 350 1149 opera
391 1094 636 1148 desumunt3
678 1095 753 1136 uni
794 1095 1067 1137 contionibus
1107 1096 1208 1137 data
1240 1111 1350 1137 nunc
1385 1096 1625 1151 detinenda,

53 1167 166 1194 nunc
217 1153 448 1195 concienda
488 1154 623 1208 plebs.
693 1168 770 1195 nec
811 1154 1015 1196 dilectum
1058 1155 1276 1210 consules,
1316 1170 1394 1197 nec
1435 1156 1623 1207 comitia,
1651 1162 1671 1192 4

53 1227 162 1267 quae
221 1213 445 1267 petebant,
497 1213 661 1254 tribuni
714 1213 1009 1267 expediebant.
1093 1214 1328 1256 inclinante
1382 1215 1533 1256 deinde
1579 1230 1622 1256 se

51 1272 226 1312 fortuna
264 1272 316 1312 ad
357 1286 532 1313 causam
573 1272 710 1326 plebis
745 1272 887 1314 nuntii
918 1273 1097 1314 veniunt
1130 1288 1270 1315 arcem
1306 1273 1622 1316 Carventanam

51 1330 231 1385 dilapsis
266 1331 317 1371 ad
351 1331 556 1385 praedam
589 1332 821 1386 militibus,
855 1332 999 1386 quiin
1026 1333 1240 1387 praesidio
1276 1337 1416 1387 erant,
1450 1334 1621 1388 Aequos

50 1390 289 1432 interfectis
327 1390 476 1444 paucis
511 1391 760 1432 custodibus
801 1391 910 1432 arcis
949 1391 1178 1447 invasisse3
1221 1392 1330 1434 alios
1362 1393 1622 1434 recurrentis

49 1449 105 1490 ad
138 1464 296 1505 arcem,
329 1450 438 1490 alios
471 1450 660 1504 palantis
694 1450 738 1491 in
771 1450 887 1504 agris
921 1465 1080 1492 caesos.
1143 1466 1192 1492 ea
1224 1451 1405 1494 adversa
1431 1453 1620 1493 civitatis
1650 1458 1669 1488 5

49 1522 118 1550 res
149 1509 262 1550 vires
295 1509 552 1550 tribuniciae
574 1509 733 1551 actioni
762 1510 930 1551 adiecit.
979 1510 1241 1565 nequiquam
1270 1511 1383 1552 enim
1404 1513 1621 1567 temptati,

49 1570 99 1608 ut
135 1570 229 1608 tum
267 1567 451 1623 denique
491 1568 749 1610 desisterent
789 1569 1061 1623 impediendo
1104 1570 1237 1625 bello,
1270 1575 1502 1625 postquam
1534 1585 1619 1613 non

48 1640 213 1668 cessere
245 1642 322 1669 nec
353 1627 552 1682 publicae
584 1629 835 1682 tempestati
867 1643 944 1670 nec
977 1643 1078 1671 suae
1110 1629 1316 1684 invidiae,
1354 1632 1620 1684 pervincunt,

49 1689 98 1726 ut
130 1690 304 1728 senatus
344 1686 588 1727 consultum
621 1687 698 1727 fiat
731 1687 782 1728 de
814 1688 1001 1729 tribunis
1036 1688 1224 1729 militum
1258 1689 1470 1744 creandis,
1504 1694 1619 1731 certo
1647 1696 1666 1725 ⁴3

47 1748 195 1786 'tamen
227 1749 372 1799 pacto,
409 1760 462 1786 ne
501 1745 621 1787 cuius
652 1746 763 1787 ratio
795 1746 1045 1801 haberetur,
1089 1747 1160 1802 qui
1193 1762 1241 1789 eo
1276 1763 1387 1789 anno
1420 1749 1619 1791 tribunus

96 1852 128 1883 8.
154 1849 322 1895 spiritus]
352 1849 436 1893 Vgl.
457 1849 549 1894 Kap.
565 1854 621 1892 42,
638 1854 674 1892 ὃς
692 1848 794 1884 Caes.

47 1895 83 1930 b.
110 1895 152 1930 G.
183 1901 211 1940 1,
228 1901 284 1940 33,
300 1902 320 1932 5
348 1897 555 1932 Ariovistus
580 1901 700 1932 tantos
724 1898 796 1932 sibi

45 1944 216 1988 spiritus,
253 1948 395 1979 tantam
423 1945 676 1989 arroyantiam
699 1955 794 1979 sum-

40 1995 182 2036 pserat;
200 1990 250 2026 ib.
265 1995 298 2034 2,
313 1995 344 2035 4,
362 1996 382 2026 3
399 1993 454 2034 (ut
466 1992 611 2037 Belyae)
626 2004 795 2037 maynam

46 2039 119 2073 sibi
137 2041 391 2074 auctoritatem
411 2050 628 2085 maqnosque
641 2040 795 2084 spiritns

47 2086 88 2120 in
112 2096 150 2120 re
175 2087 331 2121 militari
355 2091 545 2121 sumerent.

93 2134 231 2179 omnia]
254 2133 333 2168 scil.
356 2135 523 2177 comitia,·
544 2134 639 2168 dazu
658 2134 794 2179 gehort

44 2180 112 2215 der
137 2180 380 2217 RelativsatZ.

91 2229 298 2274 utrumque]
344 2229 379 2262 d.
418 2228 453 2262 h.
492 2228 673 2264 Patrizier
717 2229 792 2264 und

44 2274 218 2319 Plebejer
243 2287 286 2309 zu
307 2275 463 2311 wahlen.

90 2322 233 2357 tendere
257 2323 320 2368 ad]
349 2322 440 2368 Kap.
460 2328 512 2366 13,
529 2328 559 2358 4.

92 2369 155 2404 55.
185 2374 214 2403 1.
241 2370 352 2415 actio]
382 2371 695 2416 Amtshandlung.

92 2420 123 2451 2.
151 2417 254 2461 tune]
291 2417 389 2451 nach
426 2417 546 2452 einen]
573 2418 791 2464 Temporal-

43 2465 121 2498 satz
142 2464 215 2498 den
233 2463 438 2509 Zeitpunkt
459 2465 524 2500 der
543 2465 790 2511 Haupthand—

43 2511 135 2555 lung
154 2511 458 2555 hervorhebend,
480 2512 607 2548 hinter
634 2513 700 2548 das
729 2515 790 2548 be-

41 2559 148 2593 tonte
164 2557 274 2593 Wort
293 2559 461 2603 gestellt3
484 2559 581 2594 &fter
601 2560 695 2595 wird
715 2565 790 2596 tum

43 2616 84 2640 so
110 2605 330 2650 gebraucht.

70 2657 122 2688 ·3.
149 2657 220 2688 tres
239 2654 358 2699 erant]
382 2654 557 2688 wahl-end
579 2653 630 2688 im
651 2654 788 2690 letzten

41 2699 133 2734 Jahr
157 2699 350 2735 Menenius
377 2700 490 2735 allein
516 2712 590 2735 von
616 2702 688 2737 den
708 2702 786 2736 Tri-

41 2746 167 2781 bunen
210 2747 271 2782 die
310 2748 517 2783 interessen
563 2749 629 2783 der
675 2749 785 2784 Plebs

42 2794 223 2829 ernstlich
249 2795 467 2830 verfochten
493 2795 610 2830 hatte.

87 2843 262 2887 ⁴qenerosi]
300 2841 369 2876 Die
405 2842 528 2877 Icilier
563 2854 687 2878 waren
724 2844 786 2879 be-

41 2889 131 2923 reits
167 2900 240 2923 von
266 2890 487 2924 voi-nehmer
513 2890 699 2925 Herkunft
729 2891 787 2926 fiir

38 2935 270 2980 plebejische
297 2936 566 2972 Verh‘altnisse.

917 1852 1207 1897 4.eaepeclz'ebant]
1228 1851 1416 1887 'zustande
1437 1852 1616 1899 bringen',

869 1898 987 1932 durch
999 1898 1241 1943 Beseitigung
1254 1910 1326 1934 von
1337 1899 1617 1936 Hindernisser..

916 1946 1135 1992 inclinante]
1162 1946 1310 1980 Ebenso
1332 1948 1433 1982 steht
1454 1959 1490 1982 se
1512 1950 1617 1984 incli-

868 2004 957 2027 nare
972 1997 1003 2036 9,
1020 1997 1076 2034 32,
1092 1998 1112 2028 6
1137 2005 1170 2028 u.
1196 1998 1251 2037 37,
1274 1999 1328 2037 57,
1348 2000 1407 2037 11;
1447 1995 1617 2041 dagegen

867 2040 964 2075 fehlt
988 2051 1023 2075 se
1048 2040 1142 2085 Kap.
1158 2045 1213 2085 37,
1230 2046 1249 2076 9
1265 2053 1298 2076 u.
1318 2047 1349 2083 3,
1366 2047 1420 2084 61,
1434 2047 1465 2077 4.

914 2088 1173 2133 invasisse]bei
1188 2088 1265 2124 Liv.
1282 2089 1351 2123 mit
1365 2090 1516 2125 blollem
1530 2091 1615 2125 Ace.

867 2131 1001 2179 (scien
1021 2135 1059 2170 in
1080 2136 1139 2170 die
1214 2135 1538 2183 eingedrungen'),
1555 2138 1616 2173 bei

867 2181 993 2217 Cicero
1019 2183 1089 2218 mit
1114 2185 1164 2218 in.
1192 2183 1284 2229 Kap.
1303 2188 1358 2227 59,
1375 2189 1406 2220 5.

915 2235 945 2266 5.
974 2232 1127 2266 adversa
1152 2232 1222 2277 res]
1255 2231 1443 2276 Ungfflek,
1471 2232 1614 2278 Missge-

867 2277 1014 2319 schick;
1054 2278 1244 2323 Singular,
1285 2279 1353 2313 wie
1381 2284 1434 2323 10,
1454 2284 1485 2323 6,
1507 2285 1526 2315 2
1551 2283 1613 2316 ad-

865 2336 968 2360 versa
1001 2327 1084 2361 belli
1118 2337 1194 2369 res‚·
1231 2326 1301 2361 mit
1337 2327 1422 2362 dem
1448 2327 1536 2362 Gen.
1565 2331 1613 2364 ci—

866 2374 1008 2416 vitatis,
1048 2373 1118 2408 wie
1154 2378 1185 2417 5,
1202 2378 1271 2417 9,4
1305 2376 1472 2410 secundis
1508 2377 1614 2411 rebus

866 2421 1035 2455 civitatis.

913 2468 1135 2514 desisterent]
1171 2468 1260 2503 bald
1292 2468 1363 2503 mit
1394 2470 1435 2504 de
1462 2470 1550 2503 oder
1575 2482 1610 2513 a,

864 2514 953 2549 bald
974 2515 1044 2550 mit
1065 2515 1216 2550 blossem
1230 2516 1312 2553 Abl.
1335 2518 1404 2560 (37,
1424 2520 1477 2560 58,
1500 2522 1515 2551 1
1532 2528 1609 2552 cum

863 2563 905 2597 de
941 2564 1117 2607 petitione
1154 2564 1344 2598 destitisset
1377 2575 1480 2599 reus.
1499 2567 1608 2600 ..tri-

864 2610 955 2644 buni
980 2621 1017 2645 eo
1037 2612 1178 2656 neyotio
1198 2612 1426 2655 destiterunt)
1436 2626 1448 2653 ;
1475 2610 1610 2646 Caesar

861 2657 937 2690 und
964 2656 1093 2692 Cicero
1121 2658 1273 2692 wiirden
1299 2658 1380 2692 hier
1407 2658 1476 2693 den
1506 2659 1607 2694 Infin.

862 2705 988 2739 set-zen
998 2706 1185 2750 (impedire
1197 2706 1353 2749 bellu-m).
1369 2705 1452 2750 Vgl.
1470 2710 1500 2748 9,
1512 2711 1566 2749 34,
1578 2712 1609 2741 2.

860 2753 1109 2788 continuando
1135 2754 1275 2787 abstitit
1300 2754 1528 2798 *mayistratw

907 2801 1121 2845 tempestati}
1138 2799 1225 2842 Not,
1249 2800 1491 2844 Bedrangnis.
1520 2800 1607 2836 Sall.

860 2845 938 2880 Cat.
971 2851 1026 2889 20,
1041 2852 1073 2882 3.

909 2899 940 2927 ·3.
966 2895 1076 2939 ratio]
1106 2891 1374 2928 *Rucksicht’z
1415 2894 1474 2929 die
1512 2895 1606 2930 dies-

856 2940 1029 2986 jahrigen
1067 2941 1330 2976 Volkstribune
1376 2942 1512 2976 sollten
1550 2943 1608 2978 fiir
