1799 3105
75 139 373 165 a.(¹hr.n.443.442.
627 124 771 160 LIBER·
797 125 858 160 IV.
905 124 1006 160 CAP.
1037 130 1090 160 11,
1593 127 1650 169 25

80 236 261 278 ciebant.
324 249 373 276 co
406 235 680 277 tribunorum
715 234 970 278 militarium
1003 235 1123 277 nulla
1156 235 1319 276 mentio
1359 234 1425 275 his
1466 235 1650 276 consuli-

79 296 159 337 bus
192 294 287 336 fuit.

199 352 410 397 Consules
454 357 653 396 creantur
694 353 749 396 M.
788 353 949 396 Fabius
991 353 1254 407 Vibulanus,
1297 353 1530 396 Postumus
1571 352 1723 395 Ae-ll

79 414 227 456 butius
271 412 493 456 Cornicen.
565 413 724 456 Fabius
770 417 812 456 et
850 414 1065 456 Aebutius
1109 414 1322 469 consules,
1371 427 1455 469 quo
1497 413 1653 455 maiori
1680 427 1700 456 2

80 474 245 530 gloriae
277 488 420 516 rerum
454 473 570 516 domi
601 473 793 529 forisque
827 477 1051 529 gestarum
1085 474 1309 516 succedere
1337 488 1382 515 se
1409 473 1655 528 cernebant,

80 533 268 575 maxime
316 536 461 575 autem
512 533 838 575 memorabilem
887 548 1046 575 annum
1095 534 1207 589 apud
1249 533 1479 588 finitimos,
1513 533 1653 574 socios

78 593 332 648 hostesque,
365 607 477 647 esse,
510 593 624 647 quod
658 592 921 635 Ardeatibus
954 593 999 634 in
1031 607 1076 634 re
1114 592 1341 650 praecipiti
1379 595 1504 635 tanta
1540 592 1655 635 foret

79 667 181 694 cura
213 653 489 707 subventum,
522 666 571 694 eo
603 652 860 709 impensius,
892 655 941 694 ut
972 652 1165 695 delerent
1196 667 1374 708 prorsus
1408 667 1459 694 ex
1498 652 1654 694 animis
1681 665 1703 695 3

79 711 304 754 hominum
348 711 571 753 infamiam
612 712 779 768 iudicii,
821 715 998 754 senatus
1049 712 1296 754 consultum
1343 712 1553 767 fecerunt,
1594 716 1655 766 ut,

79 771 283 827 quoniam
318 771 471 813 civitas
498 771 756 814 Ardeatium
789 772 998 815 intestino
1032 772 1225 814 tumultu
1257 771 1432 814 redacta
1465 772 1518 813 ad
1550 787 1653 826 pau-

80 845 151 873 cos
185 833 318 886 esset,
351 830 494 873 coloni
528 846 577 873 eo
610 831 818 899 praesidii
860 847 989 874 causa
1031 832 1236 874 adversus
1270 831 1453 874 Volscos
1497 831 1654 873 scribe-

78 894 239 933 rentur.
300 864 383 933 1100
414 891 561 945 palam
593 892 816 933 relatum
806 908 850 933 111
876 892 1067 948 tabulas,
1099 896 1147 933 ut
1172 891 1344 947 plebem
1372 891 1654 946 tribunosque
1684 904 1705 934 4

78 950 258 992 falleret
306 950 454 992 iudicii
503 951 773 994 rescindendi
822 952 1052 994 consilium
1099 952 1271 994 initum.
1348 954 1657 993 consenserant

79 1002 246 1066 31113111,
283 1013 332 1052 ut
372 1011 511 1052 multo
553 1011 718 1053 maiore
763 1015 886 1067 parte
927 1010 1191 1054 Rutulorum
1233 1012 1485 1053 colonorum
1528 1025 1657 1066 quam

78 1044 376 1112 Romariorum
421 1071 582 1126 scripta
625 1086 704 1113 nec
745 1085 850 1127 ager
892 1072 1006 1113 ullus
1051 1071 1315 1113 divideretur
1354 1071 1438 1113 nisi
1486 1071 1542 1126 is,
1584 1070 1657 1125 qui

79 1130 345 1184 interceptus
389 1130 549 1172 iudicio
591 1130 742 1172 infami
785 1134 895 1189 erat,
935 1147 1014 1173 nec
1055 1131 1132 1173 ulli
1178 1131 1298 1186 prius
1340 1131 1536 1173 Romano
1585 1130 1657 1185 ibi,

80 1204 211 1244 quam
244 1189 444 1232 omnibus
478 1189 652 1232 Rutulis
686 1191 849 1233 divisus
883 1193 1015 1246 esset,
1048 1191 1176 1247 gleba
1206 1191 1298 1233 ulla
1331 1191 1426 1246 agri
1458 1190 1658 1246 adsigna-

79 1251 210 1291 retur.
264 1250 326 1291 sic
371 1263 474 1305 ager
518 1250 570 1291 ad
612 1250 822 1293 Ardeates
868 1251 1009 1294 rediit.
1081 1251 1298 1293 triumviri
1344 1250 1396 1292 ad
1444 1249 1657 1292 coloniam
1685 1262 1705 1293 5

80 1308 268 1350 Ardeam
302 1309 593 1352 deducendam
627 1311 761 1352 creati
794 1311 994 1366 Agrippa
1026 1309 1264 1366 Menenius,
1297 1310 1343 1353 T.
1379 1309 1563 1352 Cluilius
1595 1308 1657 1352 Si-

81 1369 223 1423 culus,
262 1368 318 1411 M.
351 1368 568 1411 Aebutius
607 1369 758 1412 Helva.
824 1371 897 1426 qui
940 1386 1017 1426 per
1057 1370 1235 1413 minime
1277 1370 1488 1426 populare
1532 1370 1656 1412 1111111-
1686 1382 1705 1411 6

80 1428 279 1483 sterium,
307 1442 413 1484 agro
442 1428 710 1485 adsignando
739 1431 888 1486 sociis,
916 1445 1044 1486 quem
1069 1431 1256 1486 populus
1283 1430 1504 1472 Romanus
1533 1444 1658 1471 suum

79 1487 332 1544 iudicasset,
378 1503 475 1531 cum
520 1490 692 1544 plebem
738 1490 1036 1546 offendissent,
1081 1505 1134 1533 nc
1173 1490 1437 1546 prinmxibus
1484 1489 1656 1545 quidem

80 1550 252 1603 patrum
286 1548 393 1590 satis
427 1549 611 1608 accepti,
645 1551 758 1605 quod
790 1551 902 1593 nihil
937 1550 1105 1606 gratiae
1145 1551 1401 1605 cuiusquam
1440 1550 1660 1604 dederant,

80 1608 331 1650 vexationes
365 1608 418 1649 ad
451 1609 660 1664 populum
693 1609 779 1652 iam
815 1610 883 1653 die
916 1610 1032 1652 dicta
1072 1610 1124 1651 ab
1163 1610 1371 1665 tribunis,
1405 1609 1547 1651 coloni
1585 1609 1656 1651 ad·
1689 1621 1706 1651 7

129 1772 222 1817 Kap
228 1772 323 1807 11.
385 1773 472 1808 Das
512 1773 622 1808 Jahr
656 1779 723 1809 312
752 1775 834 1809 der

83 1784 222 1855 Stadp
242 1821 325 1863 (442
359 1833 393 1856 V
427 1820 487 1856 Ch
516 1824 555 1868 ):
583 1821 614 1856 G
721 1823 733 1856 l
957 1780 987 1810 4.
1003 1776 1157 1810 relatum
1171 1777 1210 1810 in
1223 1775 1384 1820 tabulas]
1401 1774 1440 1809 111
1455 1774 1515 1809 (113
1527 1774 1658 1809 Proto-

495 1834 512 1855 Γ
622 1835 639 1855 Γ
647 1826 670 1856 [l.
678 1835 702 1856 n
711 1834 724 1857 C
742 1835 797 1857 UH
809 1835 834 1868 g

908 1823 1009 1858 kolle
1039 1823 1293 1868 eingetragen.
1316 1843 1359 1848 --
1381 1822 1508 1857 Livius
1543 1821 1661 1856 (1311111-

82 1867 208 1902 einer
246 1868 447 1904 Kolonie
475 1869 521 1903 in
557 1870 704 1905 Ardea
742 1871 832 1915 (vgl.

83 1915 298 1961 Sehwegler
325 1917 551 1963 3,127flg.).

130 1967 162 1998 2.
190 1965 346 1999 maxime
372 1969 492 2000 autem
519 1966 606 2012 etc]
656 1965 724 2000 Die
763 1965 833 2001 mit

81 2022 150 2056 quo
182 2011 401 2056 begonnene
439 2012 713 2048 Konstruktion
738 2013 833 2048 wird

82 2059 385 2103 durchbrochen,
414 2073 476 2095 um
502 2061 569 2095 auf
592 2061 665 2096 den
692 2061 834 2096 Gedan-

82 2107 156 2141 ken
181 2106 408 2143 besonderes
435 2108 607 2144 Gewicht
644 2121 687 2144 zu
726 2109 838 2155 legen

82 2154 149 2200 (im
164 2154 396 2192 Deustchen:
414 2156 453 2202 je
473 2157 707 2192 ruhmvoller
720 2157 836 2193 ihnen

82 2202 143 2237 die
187 2203 336 2238 Thaten
384 2203 485 2240 ihrer
519 2204 837 2250 Amtsvorgnffngei

81 2250 135 2284 im
159 2250 297 2285 Innern
315 2252 392 2286 und
411 2252 508 2286 nach
530 2252 653 2288 ausseu
674 2254 834 2289 erschie-

82 2309 208 2381 1ἶε11113
218 2298 316 2332 (131111
365 2298 418 2333 sie
467 2300 675 2335 erkannten
725 2301 834 2346 wohl

85 2357 96 2379 t
111 2355 133 2379 a
226 2348 271 2390 ..)

132 2398 165 2429 3.
205 2394 384 2441 fec-emm]
429 2396 572 2430 setzten
608 2396 742 2440 durch,
781 2408 834 2431 31·-

84 2440 257 2475 wiithen

133 2489 186 2534 eo]
239 2490 295 2524 als
341 2490 388 2524 ob
440 2491 701 2527 deducerentur
746 2494 836 2529 oder

85 2537 314 2573 macerentur
327 2537 539 2583 nachfolge.
561 2559 605 2564 —-
632 2539 706 2574 Der
721 2539 837 2575 Senat

84 2584 240 2620 benutzt
280 2585 340 2620 die
377 2585 638 2631 Gelegenheit‚
675 2599 737 2621 um
775 2588 836 2623 die

85 2632 358 2668 wohlhabende
387 2633 496 2668 stadt
522 2645 637 2679 enger
663 2646 709 2670 an
744 2635 840 2670 Rom

86 2692 129 2715 zu
163 2680 302 2715 fesseln
338 2682 414 2716 und
448 2681 534 2716 dort
566 2681 647 2717 eine
673 2683 840 2729 Festung

87 2739 209 2774 gegen
223 2728 283 2764 (113
299 2729 459 2764 Volskei
474 2729 681 2775 anzulegen
732 2713 838 2766 Doch

87 2776 277 2811 erscheint
297 2777 362 2812 der
383 2776 451 2812 Ort
469 2777 567 2811 noch
587 2777 739 2823 langere
758 2779 840 2814 Zeit

87 2823 142 2858 als
154 2824 429 2870 selbst'andiges
443 2825 724 2861 Gemeinwesen
739 2828 784 2871 (z.
796 2827 836 2861 Β.

87 2873 158 2908 mit
176 2871 392 2914 Asylrecht:
420 2877 451 2917 5,
468 2877 524 2917 43,
539 2877 558 2908 6
581 2874 753 2919 Ardeam,
774 2876 840 2911 ubi

88 2921 267 2958 Camillus
292 2921 489 2966 exulabat).

909 1871 999 1914 sich,
1016 1870 1090 1905 dass
1105 1870 1350 1905 Abschriften
1365 1871 1429 1905 des
1444 1869 1659 1905 Protokolls

907 1919 999 1954 111131·
1015 1918 1116 1953 (11333
1130 1918 1528 1963 Senatsverhandlung
1546 1928 1659 1963 ange-

906 1967 1040 2012 fertigt
1053 1967 1129 2001 und
1143 1979 1206 2001 zur
1219 1966 1583 2010 Bekanntmachung
1594 1966 1660 2000 des

908 2015 1148 2050 Beschlusses
1170 2013 1365 2048 &ffentlich
1385 2014 1556 2049 vei-lesen
1570 2013 1661 2049 oder

911 2063 1191 2108 angeschlagen
1234 2063 1396 2097 wurden.
1459 2062 1545 2107 Vgl.
1585 2060 1660 2096 Cic.

910 2122 978 2157 pro
1007 2110 1113 2145 Sulla
1138 2114 1156 2153 ξ
1178 2114 1239 2146 42:
1268 2121 1349 2146 cum
1368 2111 1496 2146 scirem
1516 2112 1571 2145 z'ta
1590 2120 1662 2145 esse

910 2159 1092 2194 indicium
1116 2159 1271 2194 relatum
1296 2159 1338 2193 in
1362 2160 1510 2194 tabulas
1536 2159 1660 2203 publi-

911 2217 972 2242 cas
988 2237 993 2241 .
1010 2235 1017 2242 .
1036 2207 1180 2242 statim
1214 2207 1370 2242 describi
1404 2208 1450 2242 ab
1495 2207 1663 2241 omnibus

911 2256 1085 2298 librariis,
1108 2256 1227 2290 dividi
1241 2256 1383 2300 passim
1400 2259 1432 2290 et
1446 2255 1662 2300 pervulyari

910 2307 1016 2348 atque
1042 2303 1100 2338 edi
1120 2303 1258 2347 populo
1283 2303 1452 2338 Romano
1472 2302 1660 2347 imperavi.

956 2362 1202 2408 rescindendi]
1232 2360 1262 2395 V
1266 2362 1315 2407 gl.
1344 2374 1388 2397 zu
1414 2362 1508 2407 Kap,
1544 2366 1575 2404 7,
1604 2365 1636 2396 5.

958 2422 1227 2468 consenserant]
1266 2422 1318 2457 313
1350 2434 1474 2457 waren
1507 2421 1571 2464 (im
1599 2433 1661 2466 ge-

909 2469 1073 2515 heimen)
1099 2469 1493 2515 (ibereingekommen.

956 2529 1195 2576 Rutulorum]
1237 2530 1284 2564 So
1320 2528 1458 2564 hiessen
1496 2529 1557 2564 die
1592 2528 1662 2564 Be-

910 2577 1064 2610 wohner
1098 2588 1172 2612 von
1207 2577 1331 2613 Ardea
1366 2577 1443 2611 und
1476 2577 1542 2611 der
1574 2576 1661 2611 Um·

913 2624 1075 2669 omebung
1105 2630 1134 2668 1,
1152 2629 1206 2669 57,
1224 2631 1255 2660 1.

961 2688 993 2718 6.
1015 2685 1258 2731 primoribus]
1291 2685 1403 2720 Diese
1430 2684 1562 2719 hatten
1590 2683 1662 2718 den

913 2730 1127 2766 'lriumviin
1176 2732 1514 2778 Begi'instigungen
1563 2732 1664 2767 ihrer

912 2778 1225 2824 Parteigenossen
1251 2783 1476 2826 zugemutet.

962 2831 994 2862 7.
1015 2829 1236 2874 vexationes]
1260 2829 1565 2875 Bel'astigungen,
1587 2829 1662 2864 An-

912 2873 1018 2918 giiffe
1038 2886 1105 2910 vor
1126 2875 1209 2910 dem
1232 2876 1365 2920 Volke,
1393 2888 1460 2912 vor
1480 2878 1663 2913 welchem

912 2921 971 2956 die
998 2922 1169 2967 Anklage
1196 2924 1348 2969 gefuhrt
1367 2925 1519 2960 werden
1538 2925 1660 2960 sollte.
