1799 3105
97 216 135 245 11

97 558 151 599 66

117 686 136 704 5)

117 863 136 893 3

116 1040 137 1070 4

117 1276 135 1306 5

168 95 248 137 108
661 94 805 130 121ssssss
830 96 891 130 111.
938 95 1038 132 CAP.
1067 87 1121 132 65.
1150 100 1205 132 66.

1427 114 1453 133 a.
1475 114 1504 133 u.
1525 114 1550 133 c.
1571 108 1633 134 80⁷.
1655 108 1719 135 308.

166 204 253 246 suis
275 219 401 259 quam
423 203 677 245 adversariis
699 217 921 258 superesse
942 204 1118 246 animos.
1157 204 1261 246 adeo
1282 205 1518 249 moderatio
1533 207 1716 248 tuendae

165 263 395 316 libertatis,
427 263 526 303 dum
560 263 733 317 aequari
765 262 873 303 velle
905 262 1144 305 simulando
1166 264 1228 305 ita
1259 278 1302 305 se
1331 265 1509 319 quisque
1535 265 1715 319 extollit,

165 326 212 363 ut
245 322 454 376 deprimat
491 322 640 374 alium,
682 321 726 362 in
765 320 929 363 difficili
968 324 1051 376 est,
1098 323 1387 378 cavendoque,
1424 338 1478 365 ne
1510 326 1716 378 metuant,

165 381 358 423 homines
397 380 648 422 metuendos
687 381 799 422 ultro
843 394 886 422 se
924 380 1130 436 efficiunt,
1175 384 1218 423 et
1259 382 1462 423 iniuriam
1505 383 1559 425 ab
1589 383 1717 426 nobis

166 440 399 494 repulsam,
437 442 659 494 tamquam
698 442 771 480 aut
801 439 941 481 facere
981 443 1055 481 aut
1086 441 1178 494 pati
1214 455 1386 483 necesse
1425 442 1498 496 sit,
1535 442 1720 498 iniungi-

165 513 258 540 mus
292 498 400 539 aliis.

284 557 328 599 T.
363 556 587 607 Quinctius
618 556 888 612 Capitolinus
921 561 1120 612 quartum
1154 561 1196 599 et
1228 558 1424 614 Agrippa
1442 558 1598 601 Furius
1624 573 1721 601 con-

165 617 276 657 sules
310 616 406 657 inde
438 616 542 658 facti
573 630 652 658 nec
685 616 938 658 seditionem
971 617 1087 658 domi
1118 632 1194 659 nec
1226 617 1328 659 foris
1362 618 1524 659 bellum
1550 632 1719 673 accepe-

119 708 137 716 ..
164 679 280 730 runt,
314 675 386 717 sed
409 675 662 717 imminebat
686 679 922 731 utrumque.
967 676 1053 717 iam
1078 691 1166 718 non
1191 677 1304 718 ultra
1330 677 1540 719 discordia
1565 677 1721 719 civium
1787 702 1792 708 ·

164 735 336 788 reprimi
368 737 539 789 poterat
576 738 618 776 et
653 735 839 776 tribunis
880 738 923 777 et
959 735 1082 789 plebe
1120 736 1298 777 incitata
1335 736 1381 777 in
1417 739 1579 791 patres,
1625 750 1720 778 cum

164 793 252 835 dies
284 794 410 835 alicui
442 794 653 836 nobilium
680 794 793 836 dicta
817 794 942 835 novis
969 808 1134 848 semper
1165 795 1468 837 certaminibus
1495 795 1720 838 contiones

163 852 368 894 turbaret.
431 853 482 894 ad
521 867 702 908 quorum
741 856 923 906 primum
962 853 1189 907 strepitum
1220 855 1338 896 velut
1376 855 1499 908 signo
1538 858 1713 909 accepto

164 926 283 953 arma
310 926 457 966 cepere
478 911 616 966 Aequi
642 927 690 954 ac
716 911 875 966 Volsci,
901 912 1028 953 simul
1049 912 1161 967 quod
1185 915 1487 967 persuaserant
1504 913 1558 955 iis
1584 913 1711 955 duces

162 971 303 1025 cupidi
334 971 586 1025 praedarum
624 971 796 1013 biennio
829 973 926 1012 ante
963 971 1164 1013 dilectum
1203 971 1413 1014 indictum
1451 972 1601 1014 haberi
1633 987 1720 1014 non

164 1031 353 1096 potuisse
392 1030 606 1071 abnuente
643 1030 729 1071 iam
767 1030 891 1084 plebe
930 1031 1173 1085 imperium:
1223 1045 1271 1072 eo
1311 1031 1512 1073 adversus
1553 1045 1597 1073 se
1634 1045 1723 1073 non

163 1103 254 1130 esse
286 1089 441 1130 missos
474 1089 701 1143 exercitus,
747 1089 924 1131 dissolvi
961 1090 1133 1131 licentia
1171 1090 1388 1131 militandi
1427 1104 1608 1143 morem,
1644 1104 1723 1132 nec

161 1163 238 1202 pro
272 1148 486 1190 communi
517 1149 603 1189 iam
634 1149 775 1203 patria
799 1148 983 1190 Romam
1009 1163 1120 1202 esse;
1159 1149 1399 1204 quidquid
1388 1164 1547 1191 irarum
1574 1124 1721 1191 simul-

161 1208 400 1262 tatiumque
432 1222 528 1249 cum
557 1208 742 1249 externis
768 1207 909 1262 fuerit,
940 1208 985 1248 in
1009 1208 1126 1262 ipsos
1153 1209 1280 1262 verti3
1322 1212 1570 1251 occaecatos
1596 1208 1722 1262 lupos

162 1266 369 1308 intestina
400 1267 518 1308 rabie
557 1267 826 1321 opprimendi
865 1267 1131 1309 occasionem
1167 1281 1270 1309 esse.
1333 1268 1570 1310 coniunctis
1609 1282 1723 1309 exer-

164 1325 319 1367 citibus
353 1325 554 1367 Latinum
580 1327 765 1379 primum
793 1340 944 1381 agrum
966 1326 1240 1380 perpopulati
1267 1329 1383 1382 sunt3
1417 1326 1581 1381 deinde,
1605 1329 1723 1381 post-

164 1399 291 1439 quam
322 1385 383 1426 ibi
408 1399 533 1427 nemo
555 1385 709 1426 vindex
729 1386 992 1439 occurrebat,
1027 1389 1118 1426 tum
1140 1400 1240 1427 vero
1269 1386 1587 1428 exsultantibus
1619 1385 1721 1427 belli

165 1444 410 1485 auctoribus
444 1443 496 1484 ad
527 1445 698 1485 moenia
729 1444 825 1498 ipsa
851 1443 1011 1485 Romae
1043 1444 1341 1498 populabundi
1366 1445 1541 1500 regione
1573 1448 1725 1499 portae

164 1604 347 1638 superare,
362 1598 466 1629 eaetra
479 1595 623 1629 modum
631 1596 781 1639 prodire
793 1595 909 1630 findet

166 1641 245 1676 sich
272 1641 475 1676 siebenmal
500 1642 561 1676 bei
588 1641 714 1676 Livius
746 1643 822 1677 und
848 1655 907 1676 zu-

165 1687 298 1723 weilen
332 1689 393 1723 bei
437 1692 609 1733 spateren
646 1689 814 1725 Antoren
848 1689 908 1725 die

164 1736 370 1770 Redensart
394 1737 734 1782 modumnexcedere.

211 1783 406 1828 superesse]
442 1783 507 1817 ‘im
533 1782 721 1819 Ubermass
748 1785 908 1819 vothan-

166 1831 238 1865 den
252 1831 360 1873 sein’,
382 1830 416 1872 2,
432 1834 488 1874 27,
506 1835 547 1865 12
567 1836 780 1876 supererant
794 1833 910 1866 animi

167 1878 216 1913 ad
241 1878 489 1913 sustinendam
513 1879 714 1922 invidiam,-
739 1878 798 1922 27,
816 1883 870 1922 10,
885 1882 907 1913 4

168 1925 216 1960 ad
240 1925 280 1959 id
305 1925 376 1960 sibi
400 1936 511 1970 neque
536 1936 619 1970 opes
643 1926 756 1961 deesse
776 1930 808 1961 et
827 1927 906 1961 ani-

168 1983 263 2007 mum
288 1973 395 2007 etiam
419 1983 609 2016 superesse.

217 2023 271 2054 11.
304 2020 501 2055 moderatio
536 2021 689 2055 tuendae
714 2021 908 2067 libertatis]

170 2083 212 2095 =
234 2067 430 2102 moderatio
457 2068 497 2102 in
522 2068 657 2102 tuenda
683 2068 853 2103 libertate.

216 2113 346 2159 alium]
375 2112 482 2148 einen
504 2115 654 2158 andern,
680 2115 748 2149 mit
767 2115 850 2150 dem
871 2126 909 2150 er

170 2161 304 2205 gerade
324 2161 364 2194 in
384 2160 595 2205 Beziehung
615 2161 768 2204 kommt,
788 2163 910 2207 wenig

171 2207 410 2242 verschieden
438 2218 508 2242 von
535 2209 697 2252 alterum,
724 2209 828 2244 alios.

217 2256 259 2288 in
283 2254 446 2300 difficili]
474 2254 557 2299 Vgl.
585 2267 629 2290 zu
654 2254 746 2300 Kap.
774 2259 806 2298 8,
831 2259 862 2290 9.

217 2301 390 2347 homines]
413 2302 507 2336 auch
523 2302 681 2347 Subjekt
695 2314 738 2337 zu
750 2306 911 2338 metuant

171 2349 245 2383 und
279 2349 363 2384 dem
390 2348 501 2384 Sinne
533 2350 628 2383 nach
660 2362 703 2384 zu
736 2351 911 2385 cavendo:

171 2396 347 2431 wahrend
372 2407 457 2430 man
483 2397 549 2430 auf
566 2395 631 2430 der
653 2397 731 2431 Hut
750 2397 809 2440 ist,
838 2395 910 2432 dass

173 2455 259 2478 man
283 2444 456 2478 niemand
476 2455 519 2477 zu
545 2443 715 2479 ffirchten
736 2444 909 2489 brauche,

171 2491 298 2525 macht
330 2502 414 2525 man
450 2490 529 2525 sich
562 2491 681 2526 selber
706 2491 908 2527 furchtbar.

218 2537 309 2581 Kap.
327 2537 484 2572 66—72.
511 2537 597 2572 Das
616 2538 724 2573 Jahr
745 2542 813 2574 308
833 2537 910 2573 der

173 2584 304 2620 stadt
330 2586 413 2628 (446
439 2597 472 2619 v.
501 2584 619 2629 Chr.).

218 2632 277 2666 66.
308 2636 337 2666 l.
368 2632 407 2666 T.
432 2632 642 2678 Quinctius]
662 2632 746 2678 Vgl.
763 2645 805 2667 zu
819 2632 910 2678 Kap.

176 2684 205 2722 1,
231 2683 263 2713 4.

222 2730 253 2760 2.
280 2727 355 2761 dies
375 2727 490 2761 alicui
510 2727 686 2761 nobilium
705 2727 819 2772 dicta]
841 2737 913 2761 we-

175 2783 245 2816 gen
271 2773 335 2807 der
359 2773 453 2818 Kap.
481 2776 537 2816 65,
564 2777 584 2808 8
612 2773 825 2808 erwahnten
845 2772 914 2808 Ge-

174 2819 404 2854 waltthaten.

222 2867 416 2913 contiones]
432 2867 469 2901 in
484 2867 650 2902 welchen
665 2867 722 2902 die
730 2866 915 2902 Tribunen

980 1594 1040 1630 die
1066 1595 1351 1641 Untersuchung
1375 1595 1526 1631 ftihrten
1551 1595 1640 1641 (vgl.
1678 1607 1723 1631 zu

981 1642 1072 1687 Kap.
1100 1647 1157 1685 57,
1182 1644 1228 1687 6).

1029 1705 1061 1736 3.
1088 1702 1234 1737 biennio
1259 1702 1356 1747 ante]
1379 1702 1431 1737 im
1451 1701 1723 1747 vorhergehen-

981 1749 1053 1784 den
1073 1748 1202 1792 Jahre;
1230 1749 1364 1785 ebenso
1391 1749 1484 1794 Kap.
1512 1753 1568 1793 68,
1595 1753 1626 1784 8.

1029 1812 1061 1843 4.
1097 1809 1246 1843 dissolvi
1271 1808 1356 1853 etc.]
1385 1807 1501 1843 durch
1518 1807 1576 1842 die
1591 1808 1721 1853 Ziigel·

981 1854 1159 1900 losigkeit
1190 1856 1254 1890 der
1290 1859 1382 1890 rom.
1414 1854 1542 1899 Plebs,
1580 1855 1721 1890 welche

981 1902 1052 1937 den
1088 1901 1346 1947 Kriegsdienst
1371 1902 1612 1947 verweigere‚
1646 1903 1725 1937 lose

982 1949 1059 1984 sich
1086 1949 1145 1984 die
1172 1949 1525 1995 Kriegsverfassung
1550 1949 1617 1984 auf
1647 1949 1724 1984 und

980 1996 1075 2031 Rom
1095 1996 1244 2032 zerfalle
1266 1998 1305 2031 in
1324 1996 1413 2031 zwei
1433 1995 1720 2031 Gemeinwesen.

1028 2050 1224 2096 commum]
1263 2051 1374 2085 naml.
1406 2051 1652 2094 patriciorum
1691 2054 1723 2085 et

1008 2098 1104 2132 lehis.

976 2109 1004 2142 p
1031 2144 1151 2189 lupos]
1185 2143 1265 2178 eine
1303 2143 1624 2189 geringschatzige
1656 2144 1724 2179 Be·

984 2191 1190 2235 zeichnung
1215 2191 1279 2225 der
1300 2191 1445 2233 Romer,
1468 2191 1608 2226 welche
1628 2192 1725 2226 nach

983 2240 1052 2272 Art
1076 2238 1140 2273 der
1167 2237 1290 2272 Wolfe
1313 2249 1433 2283 gegen
1455 2237 1629 2273 einander
1648 2242 1725 2273 wii-

983 2287 1062 2327 ten,
1095 2285 1190 2320 nahe
1223 2250 1351 2330 geleggt
1381 2285 1496 2320 durch
1527 2285 1587 2320 die
1613 2285 1721 2331 Sage,

984 2330 1059 2367 dass
1091 2332 1149 2367 die
1177 2332 1345 2367 Grunder
1375 2331 1487 2367 Roms
1523 2343 1594 2367 von
1623 2334 1726 2368 einer

984 2379 1122 2414 Wolfin
1142 2379 1300 2423 gen'ahrt
1318 2379 1468 2414 worden
1495 2380 1605 2415 seien.
1639 2379 1697 2425 Vg
1699 2379 1723 2415 l.

985 2427 1069 2462 Hor.
1099 2437 1208 2462 earm.
1237 2426 1272 2471 4,
1293 2430 1326 2470 4,
1350 2430 1412 2470 503
1438 2425 1532 2463 Vell.
1554 2427 1588 2470 2,
1609 2431 1706 2472 27,2
1714 2441 1724 2470 ς

984 2473 1070 2508 Iust.
1098 2473 1156 2517 36,
1185 2478 1217 2517 6,
1243 2476 1275 2509 8.

1031 2531 1062 2561 5.
1088 2526 1291 2572 postquam]
1317 2526 1400 2571 Vgl.
1421 2538 1464 2560 zu
1483 2525 1575 2571 Kap.
1593 2529 1650 2570 38,
1668 2530 1721 2562 12.

1031 2583 1106 2614 tum
1143 2579 1239 2625 vero]
1278 2579 1384 2624 giebt
1420 2579 1503 2614 dem
1538 2578 1722 2614 Nachsatz

985 2626 1218 2672 steigernden
1262 2625 1502 2669 Nachdruck,
1549 2626 1726 2661 wahl-end

985 2675 1113 2709 deinde
1149 2672 1404 2717 notwendiger
1435 2672 1642 2717 Gegensatz
1680 2684 1725 2708 zu

980 2727 1143 2771 primum
1159 2726 1217 2760 ist.
1242 2725 1299 2770 Vg
1302 2724 1395 2768 1.22,
1406 2728 1460 2767 17,
1470 2729 1538 2759 6u.
1553 2723 1613 2768 23,
1623 2728 1678 2768 34,
1690 2729 1722 2760 5.

1034 2772 1191 2818 mm]
1227 2784 1264 2806 ¹¹²
1275 2737 1360 2806 gd&
1374 2770 1579 2854 &afflig
1590 2752 1724 2855 8,ἒίῧίῗὲ

986 2819 1471 2902 {ithggrmiisretyriijnnffcendit
