1799 3105
660 114 802 150 LIBER
825 115 854 150 1.
904 114 1007 151 CAP.
1031 119 1085 150 53.
1111 119 1164 150 54.
1600 117 1677 159 147

115 136 142 156 a.
162 128 214 156 Ch.
234 128 378 154 534—510.

115 218 305 260 abiturus
356 216 594 268 videretur,
656 217 840 272 benigne
892 217 944 258 ab
997 216 1176 258 Gabinis
1228 216 1450 270 excipitur.
1529 219 1679 260 vetant

112 273 274 324 mirari,
316 273 373 327 si,
413 273 549 327 qualis
580 274 626 314 in
657 273 792 325 cives,
825 274 962 328 qualis
993 273 1039 314 in
1070 273 1229 323 socios,
1269 273 1368 314 talis
1399 273 1448 314 ad
1480 273 1677 315 ultimum

111 332 157 372 in
202 330 358 371 liberos
404 332 534 384 esset3
582 330 628 370 in
659 344 702 371 se
749 330 889 384 ipsum
935 332 1152 384 postremo
1193 329 1470 380 saeviturum,
1519 330 1554 370 si
1594 330 1678 372 alia

112 387 265 430 desint.
328 386 409 427 sibi
443 400 538 428 vero
569 388 739 440 gratum
771 385 1002 427 adventum
1032 387 1122 427 eius
1152 400 1254 439 esse,
1284 385 1563 440 futurumque
1587 401 1672 428 cre·
1699 401 1739 432 11

111 444 209 485 dere
255 443 392 495 brevi,
439 445 486 484 ut
524 442 598 484 illo
631 443 859 483 adiuvante
900 457 924 483 a
961 443 1097 497 portis
1137 442 1316 484 Gabinis
1358 442 1434 483 sub
1480 442 1675 485 Romana

109 499 277 541 moenia
309 499 465 540 bellum
495 498 791 540 transferatur.
852 498 955 540 Inde
987 499 1031 539 in
1062 499 1241 540 consilia
1269 499 1442 553 publica
1465 499 1670 542 adhiberi.
1690 510 1743 548 54

111 556 183 597 ubi
223 570 318 597 cum
358 555 408 596 de
439 555 534 596 aliis
564 555 690 596 rebus
723 555 936 596 adsentire
968 569 1012 596 se
1044 556 1258 596 veteribus
1290 555 1468 597 Gabinis
1501 556 1673 611 diceret,

111 612 263 676 quibus
294 625 368 653 eae
398 611 586 652 notiores
619 614 778 661 essent,
811 612 902 666 ipse
933 611 1166 652 identidem
1198 612 1299 652 belli
1330 615 1480 653 auctor
1511 627 1601 654 esse
1633 618 1675 654 et

109 670 154 710 in
193 682 241 710 eo
280 668 360 709 sibi
399 668 671 722 praecipuam
710 668 979 732 prudentiam
1019 669 1258 721 adsumere,
1306 669 1416 722 quod
1458 669 1674 724 utriusque

109 725 261 780 populi
291 725 402 765 vires
424 727 573 765 nosset
595 725 805 779 sciretque
826 725 1008 766 invisam
1030 724 1223 778 profecto
1246 725 1488 778 superbiam
1510 726 1673 780 regiam

108 781 272 823 civibus
303 795 406 833 esse,
440 795 568 835 quam
599 781 710 822 ferre
742 795 795 822 ne
825 781 950 823 liberi
982 782 1151 835 quidem
1177 782 1431 844 potuissent.
1494 760 1583 823 itan
1576 796 1671 824 cum
1698 798 1716 828 2

109 839 267 880 sensim
298 838 349 878 ad
380 837 671 879 rebellandum
700 838 908 892 primores
932 838 1196 879 Gabinorum
1218 837 1429 888 incitaret,
1462 838 1552 892 ipse
1577 853 1672 880 cum

107 894 437 950 promptissimis
477 894 676 935 iuvenum
713 894 966 948 praedatum
1006 897 1133 949 atque
1171 894 1216 935 in
1247 871 1542 948 expeditiones
1573 896 1668 949 iret,

109 953 152 992 et
188 951 312 992 dictis
351 951 560 1005 factisque
600 952 797 992 omnibus
837 951 887 992 ad
927 951 1165 992 fallendum
1204 951 1424 992 instructis
1457 966 1569 992 vana
1600 952 1671 993 ad-

110 1010 318 1049 cresceret
356 1007 480 1060 fides,
521 1007 604 1048 dux
644 1006 696 1048 ad
726 1007 925 1049 ultimum
957 1007 1056 1048 belli
1088 1007 1256 1062 legitur.
1318 1008 1374 1048 ibi
1410 1021 1504 1048 cum
1536 1008 1671 1050 inscia
1695 1023 1715 1054 3

107 1063 397 1117 multitudine,
430 1064 532 1118 quid
563 1066 773 1118 ageretur,
807 1064 970 1118 proelia
1000 1078 1131 1118 parva
1160 1064 1273 1105 inter
1294 1063 1475 1105 Romam
1498 1064 1674 1106 Gabios-

107 1135 188 1175 que
218 1120 388 1170 fierent,
428 1121 580 1174 quibus
612 1120 859 1175 pierumque
893 1120 1059 1162 Gabina
1091 1134 1157 1161 res
1189 1121 1383 1174 superior
1414 1123 1542 1174 esset,
1583 1125 1673 1163 tum

108 1177 301 1218 certatim
341 1178 494 1217 summi
533 1177 754 1231 infimique
795 1177 1059 1218 Gabinorum
1097 1176 1190 1218 Sex.
1234 1177 1516 1230 Tarquinium
1560 1178 1671 1219 dono

112 1233 236 1275 deum
269 1233 350 1274 sibi
381 1233 556 1274 missum
587 1233 736 1274 ducem
769 1235 949 1275 credere.
1013 1234 1123 1288 apud
1156 1233 1312 1274 milites
1344 1247 1443 1274 vero
1474 1235 1670 1276 obeundo
1696 1250 1718 1281 4

107 1290 299 1344 pericula
339 1303 388 1330 ac
426 1289 591 1330 labores
623 1290 804 1343 pariter,
835 1291 1037 1345 praedam
1068 1289 1268 1331 munifice
1299 1290 1521 1345 largiendo
1552 1294 1674 1333 tanta

104 1423 411 1461 etwasikehren.
422 1423 850 1475 Eigentlichgebraucht

104 1480 189 1504 vom
219 1469 389 1511 Richter,
424 1468 488 1504 der
520 1469 627 1504 einen
661 1481 746 1505 oeus
771 1470 848 1504 ent—

104 1515 205 1558 lasst,
223 1517 255 1556 8,
273 1518 327 1556 35,
344 1518 382 1555 8,
402 1514 474 1557 vgl.
497 1518 529 1557 4,
545 1518 601 1557 42,
620 1517 651 1557 8,
670 1515 747 1549 und
765 1515 850 1549 dem

102 1540 409 1605 prasidierenden
434 1559 585 1601 Konsul,
613 1560 680 1594 der
705 1559 763 1594 die
784 1559 850 1594 Se-

102 1604 466 1649 natsversammlung
484 1605 652 1640 aufhebt.
669 1626 712 1630 —
726 1609 851 1640 vetant

102 1651 246 1693 mirari,
276 1650 341 1684 der
364 1650 485 1684 blosse
510 1649 578 1684 1111
596 1650 693 1684 nach
710 1654 846 1694 vetant,

103 1695 189 1730 weil
213 1679 502 1730 unverkennbar
526 1695 584 1735 ist,
612 1706 658 1729 an
685 1706 766 1729 wen
785 1695 851 1730 das

103 1740 248 1775 Verbot
271 1740 460 1785 gerichtet
484 1740 544 1782 ist,
570 1746 624 1774 ‘er
650 1740 755 1774 dsirfe
773 1740 851 1775 sich

105 1786 212 1820 nicht
236 1785 444 1820 wundern’.

151 1857 204 1887 11.
234 1854 322 1895 eius,
349 1851 463 1887 Sexti.
481 1872 525 1876 —
546 1852 702 1896 eredere,
728 1864 776 1890 sc.
801 1864 847 1888 se.

148 1920 264 1957 54.1
289 1920 480 1958 veteribus,
508 1919 579 1953 den
601 1920 714 1963 alten,
735 1920 849 1954 sehon

100 1966 257 2017 langer'
247 1977 282 2000 111
295 1964 404 1999 Gabii
417 1947 850 2007 wohnenden;ei·se1bst

99 2011 150 2046 ist
180 2011 240 2046 ein
271 2021 388 2046 novus
415 2009 600 2051 Gabinus,
626 2022 653 2045 s.
679 2014 710 2053 4,
737 2015 791 2051 37,
817 2015 849 2045 2.

101 2076 144 2081 —-
168 2056 355 2092 adsentire
380 2056 471 2090 statt
495 2055 677 2090 adsentiri
694 2056 735 2100 (S.
752 2056 848 2090 noch

99 2101 294 2137 adsensum
307 2104 368 2145 est,
387 2100 690 2145 unpersffinliches
703 2100 849 2135 Passiv:

101 2151 155 2189 24,
170 2151 224 2189 45,
240 2150 274 2188 9)
290 2146 407 2181 findet
420 2146 498 2180 sich
512 2146 676 2180 auchbei
687 2146 772 2189 Cic,
790 2147 849 2181 bei

100 2191 176 2226 Liv.
209 2203 279 2226 nur
312 2191 403 2226 hier.
429 2211 471 2216 —
496 2191 538 2225 iu
563 2201 618 2234 e0,
643 2191 680 2224 in
708 2191 848 2226 diesem

103 2237 212 2272 einen
257 2236 418 2273 Punkte.
455 2256 499 2261 —-
533 2236 603 2271 sibi
645 2237 847 2279 adsumere,

105 2287 160 2316 ‘er
189 2282 301 2316 nahm
335 2281 395 2315 ffir
425 2281 502 2315 sich
536 2281 739 2316 besondere
766 2282 849 2316 Ein-

102 2327 197 2360 sicht
220 2326 256 2359 in
276 2326 483 2370 Anspruch,
509 2327 654 2361 schrieb
672 2326 749 2361 sich
767 2333 847 2371 zu’;

100 2371 279 2405 wahrend
314 2382 353 2405 er
389 2371 467 2406 sich
501 2373 539 2406 in
569 2371 726 2406 anderer
755 2371 848 2406 Hin-

103 2416 198 2450 sicht
214 2415 302 2449 kein
319 2415 441 2450 Urteil
459 2417 656 2460 anmasste,
685 2417 848 2452 erklarte

102 2472 142 2495 er
167 2461 245 2495 sein
262 2460 382 2495 Urteil
406 2461 445 2494 in
462 2444 676 2505 Beziehun⁷g
694 2462 761 2495 auf
774 2462 849 2496 den

101 2505 217 2551 Krieg
238 2506 306 2540 mit
320 2505 414 2539 Rom
428 2505 487 2539 1111·
499 2506 565 2539 das
579 2507 848 2550 vorzugsweise

102 2551 373 2595 (praecipuam)
384 2550 638 2594 kompetente.
647 2551 830 2586 Adsumer
832 2563 849 2586 e

99 2596 138 2630 in
151 2597 218 2631 der
233 2596 454 2639 Bedeutung
470 2596 641 2636 tribuere,
658 2596 850 2631 vindicare

99 2652 170 2676 nur
193 2641 274 2675 hier
291 2640 371 2692 (bei
397 2640 470 2676 Cic.
489 2640 610 2683 ofter).
629 2660 671 2666 --
684 2641 849 2683 profecto

101 2702 144 2715 =
162 2686 377 2729 necessario,
404 2685 679 2729 notwendiger
695 2685 848 2729 Weise’,

103 2731 198 2766 ohne
215 2731 376 2774 Zweif,el
405 2730 585 2774 offenbar,
608 2732 789 2775 (‘miisse.

102 2776 213 2820 sein)
239 2781 277 2815 8.
305 2781 336 2818 7,
364 2758 394 2811 ὲ.
421 2779 475 2819 26,
502 2780 556 2817 38,
578 2758 636 2812 ’1o.
663 2779 718 2819 28,
747 2779 801 2820 29,
829 2781 848 2811 3

103 2821 298 2857 insanistis
315 2821 499 2865 profecto,
533 2821 605 2855 ‘ihr
630 2820 710 2855 seid
736 2821 848 2856 offen-

921 1425 989 1459 bar
1013 1425 1147 1459 rasend
1174 1434 1367 1469 gewesen,
1395 1427 1513 1460 musst
1537 1426 1673 1460 rasend

921 1480 1093 1514 gewesen
1119 1470 1225 1507 sein',

966 1519 998 1550 2.
1026 1515 1288 1557 rebellandum,
1309 1514 1380 1550 den
1397 1515 1514 1559 Krieg
1535 1515 1672 1550 wieder

920 1560 1166 1602 aufnehmen,
1196 1561 1292 1594 setzt
1324 1560 1528 1604 eigentlich
1562 1561 1670 1596 einen

920 1605 1253 1648 abgeschlossenen
1278 1604 1437 1639 Frieden
1470 1615 1616 1649 voraus,
1642 1617 1670 1644 s.

920 1663 949 1687 z.
975 1650 1015 1686 B.
1044 1654 1075 1691 9,
1105 1654 1157 1692 12,
1182 1655 1220 1691 43
1249 1649 1329 1684 dass
1356 1650 1468 1685 Gabii
1490 1650 1528 1684 in
1547 1651 1669 1686 einem

922 1695 1434 1739 Abhangigkeitsverhaltnis
1482 1707 1526 1730 zu
1572 1696 1669 1730 Rom

922 1741 1128 1784 gestanden
1155 1740 1263 1782 habe,
1287 1740 1381 1784 liegt
1407 1740 1510 1774 nicht
1526 1740 1563 1774 in
1583 1740 1670 1775 dem

921 1785 1101 1820 Verbum.
1127 1804 1171 1811 ——
1188 1785 1298 1820 dictis
1322 1786 1433 1828 factis
1453 1813 1459 1819 .
1482 1812 1489 1820 .
1510 1815 1517 1822 .
1537 1813 1558 1827 .,
1582 1785 1667 1821 Abl.

921 1830 1016 1869 abs,
1044 1830 1212 1873 ‘indem',
1238 1830 1345 1864 oder:
1376 1830 1567 1873 ‘dadurch,
1586 1830 1667 1865 dass

920 1905 928 1911 .
950 1906 956 1912 .
976 1902 982 1910 .
1000 1880 1153 1909 waren’.
1181 1895 1223 1900 —
1241 1875 1456 1918 vauafides,
1485 1875 1555 1918 ein,
1581 1875 1667 1910 frei-

918 1920 992 1955 lich
1010 1920 1324 1964 unbegrfindetes,
1353 1920 1572 1962 Vertrauen,
1593 1921 1667 1964 vgl,

920 1969 976 2008 24,
994 1970 1049 2008 27,
1068 1969 1098 2002 8.
1120 1970 1150 2008 2,
1170 1970 1224 2008 24,
1248 1970 1279 2000 6.
1320 1966 1411 1999 Zum
1435 1976 1577 2009 ganzen
1597 1966 1666 2001 Ge-

919 2010 1068 2045 danken
1093 2022 1119 2044 s.
1146 2015 1200 2054 28,
1227 2014 1282 2053 42,
1309 2014 1327 2045 7
1349 2011 1458 2053 fraus
1474 2010 1581 2054 sidem
1596 2011 1669 2046 sibi

912 2056 1133 2100 praestruit,
1148 2059 1203 2098 ut,
1211 2067 1291 2091 cum
1301 2066 1430 2100 operae
1435 2056 1597 2100 pretium
1604 2056 1666 2099 sit,

918 2112 999 2137 cum
1013 2101 1172 2136 mercede
1183 2110 1316 2146 mayua
1331 2101 1454 2144 fallat.
1469 2121 1511 2126 —
1526 2101 1667 2136 adcres-

918 2147 1030 2182 cera*
1045 2166 1086 2171 -—
1103 2147 1153 2181 ad
1166 2147 1350 2188 ultimum,
1366 2158 1393 2183 s,
1409 2159 1454 2180 zu
1469 2157 1498 2181 6.
1512 2151 1565 2189 33,
1581 2150 1668 2181 5.—

919 2192 1066 2237 leyitm,
1092 2192 1205 2237 Zeyere
1223 2192 1361 2234 ducem,
1379 2204 1407 2229 z.
1428 2192 1468 2226 Β.
1487 2195 1541 2233 21,
1561 2196 1616 2234 39,
1634 2196 1667 2226 8.

917 2241 950 2279 4,
975 2241 1030 2278 37,
1056 2242 1087 2272 4.
1112 2237 1366 2281 imperatorem
1391 2241 1446 2280 26,
1473 2240 1506 2281 2,
1533 2241 1552 2271 2
1576 2248 1610 2271 11.
1632 2240 1664 2271 ὃ.

918 2282 1099 2318 Daneben
1123 2282 1249 2318 ducem
1275 2282 1447 2327 deligere,
1479 2292 1611 2317 creare.

964 2333 995 2363 3.
1020 2329 1091 2370 ibi,
1125 2333 1233 2370 ‘nun,
1253 2327 1362 2372 jetzt’
1368 2354 1376 2368 ,
1403 2340 1429 2365 s,
1457 2339 1485 2364 c.
1511 2331 1541 2369 7,
1567 2331 1597 2361 2.
1622 2347 1660 2352 —

919 2373 1010 2417 quid
1035 2376 1217 2418 ageretur,
1242 2384 1316 2407 was
1335 2373 1393 2407 die
1412 2372 1570 2417 (wahre)
1589 2373 1666 2406 Ab·

918 2418 1015 2452 sicht
1045 2419 1126 2460 ((161
1165 2418 1299 2453 beiden
1331 2417 1568 2461 Tarquinier)
1601 2417 1665 2459 sei,

919 2474 994 2497 was
1026 2463 1078 2498 sie
1110 2462 1318 2498 vorhatten.
1350 2486 1393 2490 —
1419 2463 1514 2497 dono
1547 2462 1665 2500 deum,

919 2508 988 2542 wie
1013 2512 1070 2551 44,
1098 2512 1153 2550 33,
1180 2512 1214 2549 3,
1239 2508 1312 2552 vgl.
1340 2511 1370 2548 5,
1389 2511 1444 2549 22,
1463 2512 1493 2540 3.
1533 2506 1664 2541 Neben

920 2552 1058 2587 donum
1077 2553 1222 2587 scheint
1238 2552 1352 2587 beiL.
1363 2534 1444 2586 ⁷’der
1449 2550 1541 2586 Gen.
1559 2551 1666 2586 deum

919 2597 1078 2632 stehend
1103 2609 1147 2631 zu
1173 2596 1261 2631 sein.
1311 2597 1345 2632 S.
1372 2608 1416 2630 zu
1441 2607 1470 2633 6
1497 2601 1528 2639 7,
1556 2600 1606 2630 lO.

963 2647 996 2678 4.
1013 2642 1189 2684 obeundo,
1213 2641 1250 2678 L
1271 2643 1356 2686 sagt
1375 2641 1544 2691 pericula
1567 2641 1664 2676 obire

917 2687 1012 2721 noch
1045 2691 1098 2729 27,
1132 2691 1188 2728 49,
1221 2691 1254 2729 3,
1279 2685 1512 2730 gewbhnlich
1537 2686 1664 2729 adire,-

917 2732 1039 2767 subire
1065 2731 1149 2776 (wie
1168 2731 1254 2786 Cic.)
1282 2735 1473 2773 9,18,18
1503 2735 1557 2774 33,
1583 2735 1614 2774 5,
1631 2736 1664 2766 2.

920 2801 960 2805 ψ
982 2777 1141 2821 pariter,
1168 2779 1345 2821 erg'anze:
1370 2776 1440 2811 wie
1465 2777 1517 2812 sie
1535 2758 1664 2820 selb’st,

918 2822 992 2866 vgl.
1026 2827 1078 2865 27,
1112 2826 1165 2862 49,
1198 2826 1218 2857 3
1245 2821 1454 2867 pugnantis
1483 2821 1663 2858 hortando

1325 2879 1392 2913 10*
