1799 3105
181 129 235 169 20
753 128 894 163 LIBER
918 128 944 163 Ι.
993 128 1094 163 CAP.
1123 135 1149 163 1.

175 235 264 270 tum
297 244 344 271 ea
375 231 579 271 tenebant
609 230 716 281 loca,
750 229 801 270 ad
832 229 1055 270 arcendam
1087 230 1171 271 vim
1203 230 1459 272 advenarum
1492 231 1642 272 armati
1674 244 1725 271 ex

131 290 150 319 6
177 286 278 327 urbe
309 289 433 340 atque
465 287 578 339 agris
610 289 880 327 concurrunt.
942 286 1095 340 duplex
1125 286 1223 328 inde
1253 287 1367 327 fama
1396 290 1479 328 est:
1512 287 1583 328 alii
1605 300 1724 341 proe-

176 342 232 383 lio
281 343 438 383 victum
486 342 684 383 Latinum
729 356 875 395 pacem
921 356 1015 383 cum
1056 344 1221 396 Aenea,
1272 342 1422 383 deinde
1460 343 1725 384 adfinitatem

134 401 151 430 7
178 398 364 439 iunxisse
387 399 577 452 tradunt3
610 398 696 452 alii,
729 412 823 438 cum
854 399 1087 440 instructae
1118 399 1229 440 acies
1251 399 1554 448 constitissent,
1586 400 1720 453 prius-

178 469 303 508 quam
325 455 447 509 signa
469 457 681 506 canerent,
703 456 956 508 processisse
980 454 1176 496 Latinum
1199 456 1309 496 inter
1329 455 1534 508 primores
1557 455 1723 496 ducem-

177 524 258 564 que
289 511 542 551 advenarum
576 525 770 552 evocasse
802 511 854 552 ad
884 511 1174 565 conloquium3
1207 514 1528 566 percunctatum
1559 510 1726 563 deinde,

134 570 153 600 S
179 567 250 620 qui
288 567 489 607 mortales
521 570 681 617 essent,
722 566 831 608 unde
862 569 933 608 aut
963 582 1045 622 quo
1077 582 1175 609 casu
1207 567 1384 621 profecti
1417 567 1541 609 domo
1572 566 1726 621 quidve

177 626 427 676 quaerentes
465 623 510 663 in
551 637 699 676 agrum
738 622 995 664 Laurentem
1035 624 1238 674 exissent,
1285 626 1507 678 postquam
1546 623 1727 664 audierit

176 679 489 720 multitudinem
521 679 724 720 Troianos
762 694 872 733 esse,
913 680 1057 720 ducem
1093 685 1303 733 Aeneam,
1345 680 1479 721 filium
1510 679 1726 721 Anchisae

177 738 218 775 et
253 734 439 783 Veneris,
474 738 655 776 cremata
686 736 823 790 patria
855 736 978 776 domo
1008 736 1213 791 profugos
1235 737 1375 778 sedem
1399 735 1728 790 condendaeque

176 791 270 831 urbi
300 791 438 832 locum
470 806 686 845 quaerere,
729 796 771 833 et
800 791 1067 833 nobilitatem
1098 793 1350 834 admiratum
1391 792 1532 847 gentis
1564 792 1727 847 virique

179 850 220 888 et
250 848 439 888 animum
472 848 535 889 vel
569 848 676 889 bello
705 848 772 889 vel
794 849 887 902 paci
909 852 1104 902 paratum
1126 849 1273 890 dextra
1294 850 1390 890 data
1410 849 1537 890 fidem
1557 850 1728 890 futurae

180 969 344 1014 Italicus,
372 970 512 1005 welche
538 970 596 1005 die
621 971 656 1004 in
683 970 830 1004 Latium
857 981 917 1004 an-

179 1025 397 1058 gesessenen
410 1015 556 1050 Sikuler
572 1026 639 1049 von
655 1015 702 1050 da
715 1027 737 1049 v
741 1015 920 1060 erdr'angt

178 1060 299 1093 haben
339 1060 491 1104 sollten,
535 1061 611 1094 und
649 1060 776 1095 leitete
813 1060 918 1095 ihren

178 1104 322 1138 Namen
348 1106 394 1139 ab
420 1115 490 1138 von
517 1106 576 1140 ab·
563 1105 718 1157 -q-riyioze
744 1106 868 1149 (Verg
889 1109 918 1145 7,

182 1152 271 1190 181),
287 1150 369 1184 eine
387 1149 584 1194 Etymolog
586 1151 632 1193 13,
649 1151 708 1186 die
727 1151 819 1185 auch
840 1151 920 1185 des-

180 1193 269 1228 halb
290 1163 650 1230 unwahrscheinlich
667 1197 724 1238 ist,
751 1196 835 1230 weil
856 1195 920 1230 der

180 1239 297 1274 Name
323 1239 461 1285 griech.
481 1237 710 1285 Ἀβοριγῖνες
735 1241 865 1276 lautet.

222 1332 253 1363 6.
278 1333 308 1363 7
339 1329 405 1363 Du
402 1330 508 1372 1‚)leoe
539 1330 605 1365 der
636 1332 798 1365 ersteren
836 1331 923 1365 Fas-

178 1385 272 1417 sung
293 1374 357 1408 der
375 1374 470 1419 Sage
488 1357 584 1419 f’olgt
601 1376 668 1409 mit
685 1376 830 1421 einigen
849 1376 921 1410 Ab·

178 1403 445 1464 weichungen
469 1402 581 1464 Verg.
631 1425 649 1455 7
664 1447 672 1464 ,
723 1425 784 1455 147
803 1420 838 1455 ff.
881 1440 922 1446 —

185 1464 371 1507 mortales,
407 1464 478 1508 vgl.
512 1465 599 1499 Tac.
631 1465 664 1500 11,
697 1470 727 1507 2,
756 1470 797 1500 72
828 1466 924 1510 quis-

181 1520 269 1543 nam
317 1510 529 1545 mortalium
577 1515 674 1545 esset.
741 1511 812 1546 Cic.
863 1522 924 1556 ge-

471 1590 715 1616 Lateinisch:

181 1637 210 1666 1.
237 1633 287 1675 (in
302 1633 371 1668 dir.
386 1633 735 1679 Frage)=Haupts.
751 1635 816 1678 qui
830 1660 837 1668 .
854 1661 860 1668 .
877 1638 990 1669 essent
1040 1640 1067 1669 1.

270 1689 302 1712 a.
580 1679 678 1714 unde
786 1682 795 1719 (
802 1689 884 1723 pro-

363 1723 519 1757 Partici-
602 1724 703 1767 fecti)

393 1791 486 1836 Fial·
580 1773 646 1832 aut
687 1779 756 1813 quo
798 1779 885 1805 casu

271 1869 300 1892 c.
395 1861 494 1893 satze
551 1688 569 1942 ι
581 1816 713 1903 ρξιέἶῑξε
775 1871 883 1904 quae-

602 1908 720 1940 rentes

269 1952 299 1983 2.
328 1948 487 1992 Haupts.
512 1949 679 1984 emissent.

226 2060 345 2094 Dabei
382 2062 477 2095 setzt
514 2061 579 2096 der
610 2061 690 2095 Lat
727 2061 920 2096 bisweilen

186 2105 411 2155 disjunktive
436 2105 627 2140 Partikeln
653 2108 744 2150 (aut,
769 2111 840 2147 ve),

183 2161 250 2183 wn·
282 2149 497 2194 kopulative
529 2117 922 2202 haben;vgl.Ve1-g⁰,

184 2200 215 2237 1,
243 2198 308 2229 369
337 2195 400 2229 sed
425 2205 486 2229 vos
510 2195 575 2239 qui
597 2196 765 2238 tandem;
795 2197 924 2240 quibus

183 2223 250 2274 a⁷ut
272 2240 424 2275 venistis
448 2240 493 2274 ab
518 2240 619 2274 oris?
667 2251 778 2284 quove
794 2242 924 2277 tenetis

182 2284 280 2319 iter?
328 2283 401 2319 Cic
428 2296 503 2330 rep.
524 2291 555 2327 2,
573 2289 604 2319 3.
645 2296 686 2320 ve
703 2286 921 2330 korrespon-

182 2329 335 2363 dierend
374 2330 441 2363 mit
481 2334 547 2364 aut
586 2331 622 2364 in
671 2330 922 2374 disjunktiven

181 2374 330 2418 Fragen
355 2374 449 2408 auch
474 2385 503 2410 c.
533 2379 583 2417 18,
609 2380 640 2410 3.
668 2380 700 2417 5,
726 2379 779 2418 54,
809 2381 837 2410 1.

225 2423 258 2456 8.
284 2420 462 2454 audierit.
483 2419 685 2464 Postquam
709 2420 746 2454 in
772 2431 822 2454 or.
849 2420 923 2454 obl.

181 2464 249 2498 hat
283 2463 452 2507 h’aufiger
489 2464 560 2498 den
597 2465 705 2508 Konj.
735 2465 830 2499 Perf.
869 2465 923 2500 als

183 2509 290 2552 Impf.
316 2521 350 2543 u.
377 2509 553 2554 Plusqpf.,
578 2520 685 2544 wenn
710 2509 760 2543 im
778 2511 922 2554 Haupt-

182 2553 249 2588 der
274 2554 341 2588 Inf
368 2554 462 2589 Perf.
488 2555 597 2589 steht.
602 2556 621 2576 *
645 2579 688 2582 —
713 2555 922 2590 condendae

181 2599 281 2633 urbi:
323 2599 473 2633 ‘einen
516 2599 582 2634 Ort
629 2599 685 2633 fiir
733 2600 831 2650 eine
879 2612 923 2634 zu

183 2644 400 2686 grundende
419 2643 554 2687 Stadt’,
573 2656 598 2681 s
617 2644 733 2689 praef.
754 2648 805 2681 7.’·
840 2643 922 2690 Vgl.

183 2693 214 2728 5,
242 2692 294 2730 54,
319 2693 340 2722 4
370 2699 444 2723 non
473 2673 554 2724 sine’
582 2700 692 2724 eausa
718 2690 788 2724 dii
811 2690 923 2724 homi-

183 2742 316 2775 nesque
339 2734 435 2768 hune
467 2735 568 2769 urbi
591 2735 851 2770 condendae
875 2735 923 2769 lo—

184 2787 263 2810 cum
305 2778 495 2822 elegerunt.
556 2783 613 2822 39,
653 2784 708 2820 22,
748 2783 767 2813 6
807 2781 923 2814 loewm

185 2822 368 2856 condendo
386 2823 520 2866 oppido
537 2827 716 2867 ceperunt.
750 2828 804 2866 21,
821 2829 875 2866 47,
890 2828 920 2858 6.

987 971 1146 1005 braucht
1182 971 1349 1006 mortales
1384 987 1427 1000 =
1462 971 1623 1006 homines
1658 982 1727 1005 nur

987 1016 1024 1049 in
1057 1015 1300 1060 Verbindung
1337 1016 1405 1049 mit
1434 1025 1572 1059 omnes,
1610 1016 1731 1059 multi,

987 1061 1156 1103 plurime,-
1181 1061 1319 1095 einmal
1335 1061 1434 1095 Lael.
1465 1065 1504 1095 18
1530 1060 1602 1095 den
1630 1060 1730 1105 Sing.

987 1106 1154 1140 mortalis
1181 1115 1293 1140 wemo.
1343 1105 1463 1140 Schon
1497 1105 1638 1140 Sallust
1667 1116 1731 1150 ge-

988 1151 1147 1184 brauoht
1172 1162 1209 1185 es
1234 1151 1345 1186 freier
1372 1152 1414 1194 (z.
1438 1150 1478 1185 B.
1498 1149 1577 1188 Cat.
1605 1154 1636 1193 1,
1660 1151 1732 1192 5).*

989 1216 1031 1219 —
1055 1195 1154 1230 unde
1185 1199 1250 1230 aut
1281 1205 1351 1240 quo
1377 1223 1384 1230 .
1415 1224 1421 1230 .
1450 1223 1456 1229 .
1491 1195 1642 1240 quidve.-
1673 1206 1730 1230 wo

989 1240 1054 1274 wir
1089 1241 1140 1274 im
1181 1240 1392 1276 Deutschen
1428 1240 1466 1274 in
1506 1240 1572 1275 der
1610 1240 1730 1285 Frage

990 1285 1220 1330 Haupts‘atze
1262 1285 1483 1327 anwenden‚
1530 1285 1628 1320 zieht
1667 1286 1732 1321 der

990 1330 1069 1366 Lat
1103 1330 1163 1365 die
1187 1330 1331 1375 Fragen
1357 1331 1412 1365 oft
1436 1312 1554 1365 diii-ch
1578 1330 1731 1366 Partici-

990 1375 1168 1419 pials'atze
1195 1386 1424 1416 zusammen,
1450 1374 1519 1410 wie
1545 1375 1624 1410 hier
1643 1385 1731 1421 gar-o

992 1421 1079 1470 fecti
1119 1450 1126 1455 .
1166 1447 1174 1455 .
1215 1424 1437 1464 quaerentes.
1480 1420 1556 1454 und
1598 1421 1731 1456 erhebt

992 1465 1098 1500 einen
1122 1466 1170 1499 im
1199 1465 1408 1500 Deutschen
1433 1465 1733 1501 subordinierten

993 1509 1076 1544 Satz
1102 1511 1184 1544 'zum
1210 1510 1433 1555 Hauptsatz:

1254 1591 1441 1616 Deutsch·

1093 1640 1184 1669 wer
1201 1635 1252 1669 sie
1270 1637 1407 1685 w'aren’
1436 1662 1443 1668 .
1504 1634 1727 1680 Hauptsatz.

1036 1683 1067 1716 2.
1096 1679 1237 1714 ‘woher
1263 1679 1315 1714 sie
1339 1679 1488 1714 kamen’

1033 1774 1064 1804 3
1092 1769 1246 1812 ‘infolge
1261 1769 1420 1804 welches
1433 1769 1578 1804 Unfalls
1597 1770 1649 1805 sie

1086 1814 1165 1849 ihre
1191 1814 1342 1849 Heimat
1365 1815 1514 1852 verlass
1534 1815 1632 1850 hatt.
1639 1820 1650 1837 ²

1031 1863 1062 1894 4.
1090 1865 1181 1894 was
1206 1859 1285 1894 ihre
1310 1859 1467 1894 Absicht
1490 1862 1600 1901 ware,
1607 1865 1617 1882 ⁹

1692 1929 1729 1984 ,3
1688 1662 1733 1913 Hauptsatze

1360 1980 1366 1986 .
1392 1948 1570 1993 gelandet
1593 1949 1706 1984 seien’

1446 1994 1607 2039 abh'ang.
1633 1994 1730 2030 Satz

993 2062 1032 2096 In
1070 2063 1244 2096 auderem
1269 2060 1560 2096 Zusammenhan
1618 2061 1728 2107 Verg.

993 2110 1108 2149 3‚=393
1132 2107 1165 2141 is
1182 2106 1287 2140 locus
1309 2106 1410 2141 urbis
1435 2107 1512 2143 erit,
1561 2073 1641 2142 {en
1659 2107 1729 2142 Be-

992 2151 1124 2195 griffen
1149 2154 1307 2186 cremata
1327 2151 1457 2194 patria
1481 2151 1729 2196 (Vaterstadt)

1081 2222 1088 2229 .
1131 2196 1234 2231 domo
1268 2196 1448 2240 profugos
1486 2196 1730 2240 entsprechen

993 2240 1188 2276 chiastisch
1196 2241 1313 2276 sedem
1326 2241 1401 2275 und
1414 2242 1622 2277 condendae
1633 2242 1730 2279 wrbi.

992 2286 1124 2320 —vel
1139 2286 1228 2327 ‚‚vel
1245 2286 1374 2320 fast=
1388 2289 1442 2321 et.
1459 2290 1513 2321 .et
1533 2287 1600 2321 wie
1619 2297 1731 2321 unser

993 2331 1111 2365 oder
1144 2342 1173 2364 c.
1207 2335 1264 2373 42,
1295 2335 1314 2365 5
1350 2331 1405 2366 vel
1439 2332 1526 2375 paci
1560 2332 1732 2367 decorum

990 2377 1044 2410 vel
1064 2376 1160 2413 bello
1165 2377 1184 2397 '‘'s
1210 2396 1253 2400 ——
1278 2375 1376 2418 belzo,
1402 2376 1571 2421 h‘aufiger
1588 2378 1673 2421 sagt
1693 2377 1732 2412 L.

989 2424 1146 2471 paratus
1169 2422 1253 2456 acl.
1324 2441 1366 2445 -
1390 2421 1497 2465 fldem
1523 2449 1530 2457 .
1551 2423 1730 2465 .sancire,

992 2465 1067 2500 ‘die
1093 2465 1368 2509 Versicherung
1399 2466 1464 2501 der
1491 2496 1496 2502 .
1567 2466 1731 2502 Freund-

991 2510 1110 2545 schaft
1124 2511 1240 2545 durch
1257 2511 1496 2556 Handschlag
1509 2511 1726 2555 besiegeln’,

990 2560 1044 2593 28,
1082 2561 1197 2597 35,1
1257 2556 1435 2591 Daneben
1470 2557 1542 2600 fide
1584 2556 1733 2600 aliquid

992 2602 1136 2636 sancire
1172 2606 1229 2643 25,
1253 2604 1284 2644 8,
1319 2606 1349 2637 8.
1385 2621 1426 2626 -
1460 2600 1628 2643 fatua-ae,
1667 2601 1732 2636 der

992 2646 1054 2680 bei
1090 2645 1127 2682 L.
1172 2646 1256 2681 sehr
1294 2646 1442 2691 haufige
1483 2645 1544 2689 adj
1549 2645 1623 2681 ekt.
1663 2644 1730 2681 Ge-

992 2691 1132 2725 brauch
1157 2701 1228 2725 von
1247 2691 1399 2733 futurus
1413 2690 1463 2724 ist
1478 2690 1540 2725 bei
1556 2690 1731 2726 frfiheren

993 2735 1282 2770 Schriftstellern
1304 2736 1388 2770 sehr
1410 2734 1538 2775 33111311,
1569 2735 1629 2770 bei
1657 2735 1728 2771 Cic.

991 2782 1114 2814 ausser
1137 2781 1175 2814 in
1199 2791 1254 2814 res
1278 2780 1429 2822 futurae
1453 2781 1542 2824 (nat
1578 2780 1613 2817 d.
1641 2785 1673 2825 2,
1701 2785 1732 2824 4,

994 2827 1048 2867 12)
1073 2824 1375 2869 ungewohnlich

1065 1960 1098 1986 a.
1126 1949 1224 1984 ‘dass
1249 1949 1300 1984 sie
1327 1975 1334 1983 .
