<?xml version="1.0" encoding="UTF-8"?>
<!DOCTYPE html PUBLIC "-//W3C//DTD XHTML 1.0 Transitional//EN"
    "http://www.w3.org/TR/xhtml1/DTD/xhtml1-transitional.dtd">
<html xmlns="http://www.w3.org/1999/xhtml" xml:lang="en" lang="en">
 <head>
  <title>
</title>
<meta http-equiv="Content-Type" content="text/html;charset=utf-8" />
  <meta name='ocr-system' content='tesseract 3.04.00' />
  <meta name='ocr-capabilities' content='ocr_page ocr_carea ocr_par ocr_line ocrx_word'/>
</head>
<body>
  <div class='ocr_page' id='page_1' title='image "./aburbecondita0104livyuoft_0528.png"; bbox 0 0 1799 3105; ppageno 0'>
   <div class='ocr_carea' id='block_1_1' title="bbox 59 131 1697 1540">
    <p class='ocr_par' dir='ltr' id='par_1_1' title="bbox 127 131 1692 357">
     <span class='ocr_line' id='line_1_1' title="bbox 127 131 1692 177; baseline 0.006 -16"><span class='ocrx_word' id='word_1_1' title='bbox 127 135 182 177; x_wconf 66' lang='lat'>326</span> <span class='ocrx_word' id='word_1_2' title='bbox 638 132 779 165; x_wconf 67' lang='lat' dir='ltr'>LIBER</span> <span class='ocrx_word' id='word_1_3' title='bbox 808 131 868 166; x_wconf 68' lang='lat' dir='ltr'>IV.</span> <span class='ocrx_word' id='word_1_4' title='bbox 915 131 1015 166; x_wconf 77' lang='lat' dir='ltr'>CAP.</span> <span class='ocrx_word' id='word_1_5' title='bbox 1046 137 1097 166; x_wconf 76' lang='lat'>11.</span> <span class='ocrx_word' id='word_1_6' title='bbox 1131 137 1180 167; x_wconf 79' lang='grc'>12.</span> <span class='ocrx_word' id='word_1_7' title='bbox 1409 146 1692 172; x_wconf 54' lang='lat' dir='ltr'>amasia—314.</span> 
     </span>
     <span class='ocr_line' id='line_1_2' title="bbox 128 240 1689 297; baseline -0.001 -13"><span class='ocrx_word' id='word_1_8' title='bbox 128 242 275 297; x_wconf 74' lang='lat' dir='ltr'>scripti</span> <span class='ocrx_word' id='word_1_9' title='bbox 308 240 567 284; x_wconf 83' lang='lat' dir='ltr'>remanendo</span> <span class='ocrx_word' id='word_1_10' title='bbox 600 240 643 280; x_wconf 85' lang='lat' dir='ltr'>in</span> <span class='ocrx_word' id='word_1_11' title='bbox 676 240 861 295; x_wconf 84' lang='lat' dir='ltr'>colonia,</span> <span class='ocrx_word' id='word_1_12' title='bbox 901 255 1028 294; x_wconf 87' lang='lat' dir='ltr'>quam</span> <span class='ocrx_word' id='word_1_13' title='bbox 1067 244 1224 282; x_wconf 83' lang='lat' dir='ltr'>testem</span> <span class='ocrx_word' id='word_1_14' title='bbox 1262 241 1526 297; x_wconf 78' lang='lat' dir='ltr'>integritatis</span> <span class='ocrx_word' id='word_1_15' title='bbox 1565 240 1689 283; x_wconf 88' lang='lat' dir='ltr'>iusti-</span> 
     </span>
     <span class='ocr_line' id='line_1_3' title="bbox 127 299 802 357; baseline -0.003 -15"><span class='ocrx_word' id='word_1_16' title='bbox 127 301 298 357; x_wconf 89' lang='lat' dir='ltr'>tiaeque</span> <span class='ocrx_word' id='word_1_17' title='bbox 330 300 566 353; x_wconf 90' lang='lat' dir='ltr'>habebant,</span> <span class='ocrx_word' id='word_1_18' title='bbox 599 299 802 341; x_wconf 72' lang='lat' dir='ltr'>vitavere.</span> 
     </span>
    </p>

    <p class='ocr_par' dir='ltr' id='par_1_2' title="bbox 59 357 1692 414">
     <span class='ocr_line' id='line_1_4' title="bbox 59 357 1692 414; baseline -0.001 -11"><span class='ocrx_word' id='word_1_19' title='bbox 59 360 111 403; x_wconf 73' lang='lat'>12</span> <span class='ocrx_word' id='word_1_20' title='bbox 245 359 333 401; x_wconf 77' lang='lat' dir='ltr'>Pax</span> <span class='ocrx_word' id='word_1_21' title='bbox 367 359 482 400; x_wconf 91' lang='lat' dir='ltr'>domi</span> <span class='ocrx_word' id='word_1_22' title='bbox 516 358 704 413; x_wconf 83' lang='lat' dir='ltr'>forisque</span> <span class='ocrx_word' id='word_1_23' title='bbox 735 358 819 400; x_wconf 87' lang='lat' dir='ltr'>fuit</span> <span class='ocrx_word' id='word_1_24' title='bbox 852 360 894 400; x_wconf 83' lang='lat' dir='ltr'>et</span> <span class='ocrx_word' id='word_1_25' title='bbox 925 358 1006 400; x_wconf 91' lang='lat' dir='ltr'>hoc</span> <span class='ocrx_word' id='word_1_26' title='bbox 1033 362 1076 400; x_wconf 90' lang='lat' dir='ltr'>et</span> <span class='ocrx_word' id='word_1_27' title='bbox 1101 359 1355 414; x_wconf 81' lang='lat' dir='ltr'>insequente</span> <span class='ocrx_word' id='word_1_28' title='bbox 1382 373 1511 414; x_wconf 84' lang='lat' dir='ltr'>anno,</span> <span class='ocrx_word' id='word_1_29' title='bbox 1545 357 1590 401; x_wconf 86' lang='lat' dir='ltr'>C.</span> <span class='ocrx_word' id='word_1_30' title='bbox 1610 357 1692 400; x_wconf 86' lang='lat' dir='ltr'>Fu-</span> 
     </span>
    </p>

    <p class='ocr_par' dir='ltr' id='par_1_3' title="bbox 80 415 1692 532">
     <span class='ocr_line' id='line_1_5' title="bbox 80 415 1691 472; baseline -0.001 -10.996"><span class='ocrx_word' id='word_1_31' title='bbox 80 433 99 464; x_wconf 99' lang='grc'>3</span> <span class='ocrx_word' id='word_1_32' title='bbox 128 420 190 461; x_wconf 89' lang='lat' dir='ltr'>rio</span> <span class='ocrx_word' id='word_1_33' title='bbox 224 419 370 461; x_wconf 88' lang='lat' dir='ltr'>Pacilo</span> <span class='ocrx_word' id='word_1_34' title='bbox 410 421 453 459; x_wconf 88' lang='lat' dir='ltr'>et</span> <span class='ocrx_word' id='word_1_35' title='bbox 484 416 541 459; x_wconf 89' lang='grc' dir='ltr'>Μ.</span> <span class='ocrx_word' id='word_1_36' title='bbox 572 416 748 472; x_wconf 87' lang='lat' dir='ltr'>Papirio</span> <span class='ocrx_word' id='word_1_37' title='bbox 782 415 939 459; x_wconf 84' lang='lat' dir='ltr'>Crasso</span> <span class='ocrx_word' id='word_1_38' title='bbox 979 418 1241 460; x_wconf 85' lang='lat' dir='ltr'>consulibus.</span> <span class='ocrx_word' id='word_1_39' title='bbox 1302 417 1392 460; x_wconf 88' lang='lat' dir='ltr'>ludi</span> <span class='ocrx_word' id='word_1_40' title='bbox 1432 419 1485 460; x_wconf 86' lang='lat' dir='ltr'>ab</span> <span class='ocrx_word' id='word_1_41' title='bbox 1526 418 1691 460; x_wconf 81' lang='lat' dir='ltr'>decem-</span> 
     </span>
     <span class='ocr_line' id='line_1_6' title="bbox 129 477 1692 533; baseline -0.001 -13"><span class='ocrx_word' id='word_1_42' title='bbox 129 479 231 520; x_wconf 85' lang='lat' dir='ltr'>viris</span> <span class='ocrx_word' id='word_1_43' title='bbox 264 492 339 532; x_wconf 86' lang='lat' dir='ltr'>per</span> <span class='ocrx_word' id='word_1_44' title='bbox 371 477 657 519; x_wconf 86' lang='lat' dir='ltr'>secessionem</span> <span class='ocrx_word' id='word_1_45' title='bbox 690 477 830 532; x_wconf 88' lang='lat' dir='ltr'>plebis</span> <span class='ocrx_word' id='word_1_46' title='bbox 870 491 895 518; x_wconf 88' lang='grc'>3</span> <span class='ocrx_word' id='word_1_47' title='bbox 938 477 1137 532; x_wconf 86' lang='lat' dir='ltr'>patribus</span> <span class='ocrx_word' id='word_1_48' title='bbox 1183 492 1233 519; x_wconf 83' lang='lat' dir='ltr'>ex</span> <span class='ocrx_word' id='word_1_49' title='bbox 1279 480 1452 520; x_wconf 88' lang='lat' dir='ltr'>senatus</span> <span class='ocrx_word' id='word_1_50' title='bbox 1497 478 1692 533; x_wconf 82' lang='lat' dir='ltr'>consulto</span> 
     </span>
    </p>

    <p class='ocr_par' dir='ltr' id='par_1_4' title="bbox 80 536 1692 652">
     <span class='ocr_line' id='line_1_7' title="bbox 80 536 1692 592; baseline -0.001 -13"><span class='ocrx_word' id='word_1_51' title='bbox 80 554 99 583; x_wconf 87' lang='lat'><strong>3</strong></span> <span class='ocrx_word' id='word_1_52' title='bbox 129 538 217 579; x_wconf 87' lang='lat' dir='ltr'>voti</span> <span class='ocrx_word' id='word_1_53' title='bbox 251 551 300 579; x_wconf 89' lang='lat' dir='ltr'>eo</span> <span class='ocrx_word' id='word_1_54' title='bbox 335 551 446 578; x_wconf 85' lang='lat' dir='ltr'>anno</span> <span class='ocrx_word' id='word_1_55' title='bbox 480 536 583 578; x_wconf 88' lang='lat' dir='ltr'>facti</span> <span class='ocrx_word' id='word_1_56' title='bbox 617 540 730 578; x_wconf 86' lang='lat' dir='ltr'>sunt</span> <span class='ocrx_word' id='word_1_57' title='bbox 793 551 922 578; x_wconf 87' lang='lat' dir='ltr'>causa</span> <span class='ocrx_word' id='word_1_58' title='bbox 954 536 1215 578; x_wconf 70' lang='lat' dir='ltr'>seditionum</span> <span class='ocrx_word' id='word_1_59' title='bbox 1248 537 1511 592; x_wconf 84' lang='lat' dir='ltr'>nequiquam</span> <span class='ocrx_word' id='word_1_60' title='bbox 1539 551 1564 578; x_wconf 86' lang='lat' dir='ltr'>a</span> <span class='ocrx_word' id='word_1_61' title='bbox 1589 536 1692 578; x_wconf 89' lang='lat' dir='ltr'>Poe-</span> 
     </span>
     <span class='ocr_line' id='line_1_8' title="bbox 127 595 1691 652; baseline -0.001 -14"><span class='ocrx_word' id='word_1_62' title='bbox 127 597 223 638; x_wconf 80' lang='lat' dir='ltr'>tilio</span> <span class='ocrx_word' id='word_1_63' title='bbox 257 596 471 652; x_wconf 86' lang='lat' dir='ltr'>quaesita,</span> <span class='ocrx_word' id='word_1_64' title='bbox 504 596 578 650; x_wconf 92' lang='lat' dir='ltr'>qui</span> <span class='ocrx_word' id='word_1_65' title='bbox 609 595 806 637; x_wconf 88' lang='lat' dir='ltr'>tribunus</span> <span class='ocrx_word' id='word_1_66' title='bbox 839 595 977 650; x_wconf 89' lang='lat' dir='ltr'>plebis</span> <span class='ocrx_word' id='word_1_67' title='bbox 1009 596 1169 638; x_wconf 88' lang='lat' dir='ltr'>iterum</span> <span class='ocrx_word' id='word_1_68' title='bbox 1202 610 1251 637; x_wconf 89' lang='grc'>83</span> <span class='ocrx_word' id='word_1_69' title='bbox 1277 596 1372 650; x_wconf 85' lang='lat' dir='ltr'>ipsa</span> <span class='ocrx_word' id='word_1_70' title='bbox 1397 595 1691 638; x_wconf 87' lang='lat' dir='ltr'>denuntiando</span> 
     </span>
    </p>

    <p class='ocr_par' dir='ltr' id='par_1_5' title="bbox 80 654 1693 830">
     <span class='ocr_line' id='line_1_9' title="bbox 80 654 1692 711; baseline -0.001 -13"><span class='ocrx_word' id='word_1_71' title='bbox 80 672 98 699; x_wconf 73' lang='lat'>4</span> <span class='ocrx_word' id='word_1_72' title='bbox 127 656 265 698; x_wconf 85' lang='lat' dir='ltr'>factus</span> <span class='ocrx_word' id='word_1_73' title='bbox 298 670 455 710; x_wconf 89' lang='lat' dir='ltr'>neque,</span> <span class='ocrx_word' id='word_1_74' title='bbox 488 657 536 696; x_wconf 88' lang='lat' dir='ltr'>ut</span> <span class='ocrx_word' id='word_1_75' title='bbox 569 655 618 696; x_wconf 88' lang='lat' dir='ltr'>de</span> <span class='ocrx_word' id='word_1_76' title='bbox 658 656 773 711; x_wconf 79' lang='lat' dir='ltr'>agris</span> <span class='ocrx_word' id='word_1_77' title='bbox 814 655 1053 696; x_wconf 85' lang='lat' dir='ltr'>dividendis</span> <span class='ocrx_word' id='word_1_78' title='bbox 1092 655 1208 710; x_wconf 87' lang='lat' dir='ltr'>plebi</span> <span class='ocrx_word' id='word_1_79' title='bbox 1246 656 1455 698; x_wconf 89' lang='lat' dir='ltr'>referrent</span> <span class='ocrx_word' id='word_1_80' title='bbox 1496 654 1692 697; x_wconf 85' lang='lat' dir='ltr'>consules</span> 
     </span>
     <span class='ocr_line' id='line_1_10' title="bbox 128 714 1692 770; baseline -0.001 -13"><span class='ocrx_word' id='word_1_81' title='bbox 128 715 180 757; x_wconf 90' lang='lat' dir='ltr'>ad</span> <span class='ocrx_word' id='word_1_82' title='bbox 214 718 429 768; x_wconf 86' lang='lat' dir='ltr'>senatum,</span> <span class='ocrx_word' id='word_1_83' title='bbox 462 714 708 770; x_wconf 87' lang='lat' dir='ltr'>pervincere</span> <span class='ocrx_word' id='word_1_84' title='bbox 740 715 902 769; x_wconf 81' lang='lat' dir='ltr'>potuit,</span> <span class='ocrx_word' id='word_1_85' title='bbox 936 719 978 756; x_wconf 89' lang='lat' dir='ltr'>et</span> <span class='ocrx_word' id='word_1_86' title='bbox 1011 728 1105 756; x_wconf 87' lang='grc'>811111</span> <span class='ocrx_word' id='word_1_87' title='bbox 1147 728 1303 770; x_wconf 85' lang='lat' dir='ltr'>magno</span> <span class='ocrx_word' id='word_1_88' title='bbox 1344 714 1578 757; x_wconf 71' lang='lat' dir='ltr'>certamine</span> <span class='ocrx_word' id='word_1_89' title='bbox 1618 714 1692 756; x_wconf 94' lang='lat' dir='ltr'>ob-</span> 
     </span>
     <span class='ocr_line' id='line_1_11' title="bbox 128 773 1693 830; baseline -0.001 -14"><span class='ocrx_word' id='word_1_90' title='bbox 128 774 347 830; x_wconf 86' lang='lat' dir='ltr'>tinuisset,</span> <span class='ocrx_word' id='word_1_91' title='bbox 392 777 440 815; x_wconf 91' lang='lat' dir='ltr'>ut</span> <span class='ocrx_word' id='word_1_92' title='bbox 485 773 807 815; x_wconf 81' lang='lat' dir='ltr'>consulerentur</span> <span class='ocrx_word' id='word_1_93' title='bbox 850 776 1013 828; x_wconf 84' lang='lat' dir='ltr'>patreS,</span> <span class='ocrx_word' id='word_1_94' title='bbox 1057 774 1280 816; x_wconf 82' lang='lat' dir='ltr'>consulum</span> <span class='ocrx_word' id='word_1_95' title='bbox 1324 789 1378 815; x_wconf 89' lang='grc'>311</span> <span class='ocrx_word' id='word_1_96' title='bbox 1421 773 1693 816; x_wconf 88' lang='lat' dir='ltr'>tribunorum</span> 
     </span>
    </p>

    <p class='ocr_par' dir='ltr' id='par_1_6' title="bbox 80 832 1694 1008">
     <span class='ocr_line' id='line_1_12' title="bbox 80 832 1694 889; baseline -0.002 -12"><span class='ocrx_word' id='word_1_97' title='bbox 80 850 100 878; x_wconf 65' lang='grc' dir='ltr'>ι’)</span> <span class='ocrx_word' id='word_1_98' title='bbox 129 833 319 889; x_wconf 77' lang='lat' dir='ltr'>placeret</span> <span class='ocrx_word' id='word_1_99' title='bbox 351 833 526 876; x_wconf 89' lang='lat' dir='ltr'>comitia</span> <span class='ocrx_word' id='word_1_100' title='bbox 551 833 722 888; x_wconf 83' lang='lat' dir='ltr'>haberi,</span> <span class='ocrx_word' id='word_1_101' title='bbox 754 833 953 875; x_wconf 89' lang='lat' dir='ltr'>consules</span> <span class='ocrx_word' id='word_1_102' title='bbox 981 833 1114 875; x_wconf 85' lang='lat' dir='ltr'>creari</span> <span class='ocrx_word' id='word_1_103' title='bbox 1141 833 1246 874; x_wconf 81' lang='lat' dir='ltr'>iussi</span> <span class='ocrx_word' id='word_1_104' title='bbox 1274 836 1391 887; x_wconf 69' lang='lat' dir='ltr'>sunt,</span> <span class='ocrx_word' id='word_1_105' title='bbox 1422 832 1694 888; x_wconf 85' lang='lat' dir='ltr'>ludibrioque</span> 
     </span>
     <span class='ocr_line' id='line_1_13' title="bbox 128 892 1694 948; baseline -0.001 -13"><span class='ocrx_word' id='word_1_106' title='bbox 128 897 253 935; x_wconf 87' lang='lat' dir='ltr'>erant</span> <span class='ocrx_word' id='word_1_107' title='bbox 272 893 414 935; x_wconf 88' lang='lat' dir='ltr'>minae</span> <span class='ocrx_word' id='word_1_108' title='bbox 434 892 598 934; x_wconf 88' lang='lat' dir='ltr'>tribuni</span> <span class='ocrx_word' id='word_1_109' title='bbox 625 892 919 934; x_wconf 83' lang='lat' dir='ltr'>denuntiantis</span> <span class='ocrx_word' id='word_1_110' title='bbox 947 906 992 934; x_wconf 86' lang='lat' dir='ltr'>se</span> <span class='ocrx_word' id='word_1_111' title='bbox 1020 892 1224 934; x_wconf 88' lang='lat' dir='ltr'>dilectum</span> <span class='ocrx_word' id='word_1_112' title='bbox 1250 892 1572 948; x_wconf 85' lang='lat' dir='ltr'>impediturum,</span> <span class='ocrx_word' id='word_1_113' title='bbox 1597 906 1694 934; x_wconf 88' lang='lat' dir='ltr'>cum</span> 
     </span>
     <span class='ocr_line' id='line_1_14' title="bbox 128 951 1694 1008; baseline -0.001 -14"><span class='ocrx_word' id='word_1_114' title='bbox 128 952 284 1008; x_wconf 87' lang='lat' dir='ltr'>quietis</span> <span class='ocrx_word' id='word_1_115' title='bbox 316 952 526 994; x_wconf 86' lang='lat' dir='ltr'>finitumis</span> <span class='ocrx_word' id='word_1_116' title='bbox 558 966 695 1006; x_wconf 88' lang='lat' dir='ltr'>neque</span> <span class='ocrx_word' id='word_1_117' title='bbox 727 951 840 993; x_wconf 91' lang='lat' dir='ltr'>bello</span> <span class='ocrx_word' id='word_1_118' title='bbox 872 966 1007 1006; x_wconf 89' lang='lat' dir='ltr'>neque</span> <span class='ocrx_word' id='word_1_119' title='bbox 1042 951 1145 992; x_wconf 90' lang='lat' dir='ltr'>belli</span> <span class='ocrx_word' id='word_1_120' title='bbox 1178 955 1389 1007; x_wconf 88' lang='lat' dir='ltr'>apparatu</span> <span class='ocrx_word' id='word_1_121' title='bbox 1422 965 1529 1006; x_wconf 89' lang='lat' dir='ltr'>opus</span> <span class='ocrx_word' id='word_1_122' title='bbox 1569 953 1694 993; x_wconf 84' lang='lat' dir='ltr'>esset.</span> 
     </span>
    </p>

    <p class='ocr_par' dir='ltr' id='par_1_7' title="bbox 82 1009 1695 1186">
     <span class='ocr_line' id='line_1_15' title="bbox 82 1009 1694 1066; baseline -0.001 -12"><span class='ocrx_word' id='word_1_123' title='bbox 82 1027 100 1057; x_wconf 72' lang='grc'>8</span> <span class='ocrx_word' id='word_1_124' title='bbox 249 1011 452 1066; x_wconf 84' lang='lat' dir='ltr'>Sequitur</span> <span class='ocrx_word' id='word_1_125' title='bbox 482 1011 594 1052; x_wconf 85' lang='lat' dir='ltr'>hanc</span> <span class='ocrx_word' id='word_1_126' title='bbox 627 1011 989 1066; x_wconf 82' lang='lat' dir='ltr'>tranquillitatem</span> <span class='ocrx_word' id='word_1_127' title='bbox 1023 1025 1166 1052; x_wconf 89' lang='lat' dir='ltr'>rerum</span> <span class='ocrx_word' id='word_1_128' title='bbox 1209 1025 1345 1052; x_wconf 86' lang='lat' dir='ltr'>annus</span> <span class='ocrx_word' id='word_1_129' title='bbox 1387 1010 1570 1052; x_wconf 89' lang='lat' dir='ltr'>Proculo</span> <span class='ocrx_word' id='word_1_130' title='bbox 1613 1009 1694 1052; x_wconf 85' lang='lat' dir='ltr'>Ge-</span> 
     </span>
     <span class='ocr_line' id='line_1_16' title="bbox 128 1069 1695 1127; baseline -0.002 -14"><span class='ocrx_word' id='word_1_131' title='bbox 128 1071 256 1127; x_wconf 83' lang='lat' dir='ltr'>ganio</span> <span class='ocrx_word' id='word_1_132' title='bbox 308 1070 546 1125; x_wconf 86' lang='lat' dir='ltr'>Macerino,</span> <span class='ocrx_word' id='word_1_133' title='bbox 596 1069 640 1111; x_wconf 89' lang='lat' dir='ltr'>L.</span> <span class='ocrx_word' id='word_1_134' title='bbox 686 1069 886 1112; x_wconf 88' lang='lat' dir='ltr'>Menenio</span> <span class='ocrx_word' id='word_1_135' title='bbox 931 1069 1099 1112; x_wconf 90' lang='lat' dir='ltr'>Lanato</span> <span class='ocrx_word' id='word_1_136' title='bbox 1151 1069 1418 1125; x_wconf 80' lang='lat' dir='ltr'>consulibus,</span> <span class='ocrx_word' id='word_1_137' title='bbox 1461 1069 1695 1124; x_wconf 84' lang='lat' dir='ltr'>multiplici</span> 
     </span>
     <span class='ocr_line' id='line_1_17' title="bbox 128 1128 1694 1186; baseline -0.001 -14"><span class='ocrx_word' id='word_1_138' title='bbox 128 1130 248 1173; x_wconf 87' lang='lat' dir='ltr'>clade</span> <span class='ocrx_word' id='word_1_139' title='bbox 295 1145 343 1172; x_wconf 86' lang='lat' dir='ltr'>ac</span> <span class='ocrx_word' id='word_1_140' title='bbox 387 1130 578 1185; x_wconf 89' lang='lat' dir='ltr'>periculo</span> <span class='ocrx_word' id='word_1_141' title='bbox 623 1129 824 1186; x_wconf 84' lang='lat' dir='ltr'>insignis,</span> <span class='ocrx_word' id='word_1_142' title='bbox 864 1129 1171 1184; x_wconf 84' lang='lat' dir='ltr'>seditionibus,</span> <span class='ocrx_word' id='word_1_143' title='bbox 1211 1128 1342 1184; x_wconf 82' lang='lat' dir='ltr'>fame,</span> <span class='ocrx_word' id='word_1_144' title='bbox 1380 1142 1515 1184; x_wconf 84' lang='lat' dir='ltr'>regno</span> <span class='ocrx_word' id='word_1_145' title='bbox 1560 1142 1694 1184; x_wconf 86' lang='lat' dir='ltr'>prope</span> 
     </span>
    </p>

    <p class='ocr_par' dir='ltr' id='par_1_8' title="bbox 82 1187 1697 1540">
     <span class='ocr_line' id='line_1_18' title="bbox 82 1187 1697 1245; baseline -0.002 -13"><span class='ocrx_word' id='word_1_146' title='bbox 82 1203 98 1232; x_wconf 79' lang='grc' dir='ltr'>ῖ</span> <span class='ocrx_word' id='word_1_147' title='bbox 130 1204 203 1245; x_wconf 85' lang='lat' dir='ltr'>per</span> <span class='ocrx_word' id='word_1_148' title='bbox 243 1189 490 1245; x_wconf 85' lang='lat' dir='ltr'>largitionis</span> <span class='ocrx_word' id='word_1_149' title='bbox 530 1188 798 1231; x_wconf 84' lang='lat' dir='ltr'>dulcedinem</span> <span class='ocrx_word' id='word_1_150' title='bbox 839 1189 882 1230; x_wconf 88' lang='lat' dir='ltr'>in</span> <span class='ocrx_word' id='word_1_151' title='bbox 924 1189 1110 1231; x_wconf 86' lang='lat' dir='ltr'>cervices</span> <span class='ocrx_word' id='word_1_152' title='bbox 1153 1191 1339 1244; x_wconf 85' lang='lat' dir='ltr'>accepto.</span> <span class='ocrx_word' id='word_1_153' title='bbox 1410 1203 1542 1230; x_wconf 91' lang='lat' dir='ltr'>unum</span> <span class='ocrx_word' id='word_1_154' title='bbox 1587 1187 1697 1230; x_wconf 86' lang='lat' dir='ltr'>afuit</span> 
     </span>
     <span class='ocr_line' id='line_1_19' title="bbox 128 1247 1696 1304; baseline -0.001 -14"><span class='ocrx_word' id='word_1_155' title='bbox 128 1249 288 1291; x_wconf 88' lang='lat' dir='ltr'>bellum</span> <span class='ocrx_word' id='word_1_156' title='bbox 323 1252 567 1303; x_wconf 76' lang='lat' dir='ltr'>externum3</span> <span class='ocrx_word' id='word_1_157' title='bbox 600 1262 682 1303; x_wconf 90' lang='lat' dir='ltr'>quo</span> <span class='ocrx_word' id='word_1_158' title='bbox 717 1249 753 1289; x_wconf 87' lang='lat' dir='ltr'>si</span> <span class='ocrx_word' id='word_1_159' title='bbox 787 1248 1052 1303; x_wconf 84' lang='lat' dir='ltr'>adgravatae</span> <span class='ocrx_word' id='word_1_160' title='bbox 1083 1262 1152 1290; x_wconf 90' lang='lat' dir='ltr'>res</span> <span class='ocrx_word' id='word_1_161' title='bbox 1186 1251 1347 1304; x_wconf 87' lang='lat' dir='ltr'>essent,</span> <span class='ocrx_word' id='word_1_162' title='bbox 1379 1247 1450 1289; x_wconf 81' lang='lat' dir='ltr'>vix</span> <span class='ocrx_word' id='word_1_163' title='bbox 1484 1261 1565 1303; x_wconf 88' lang='lat' dir='ltr'>ope</span> <span class='ocrx_word' id='word_1_164' title='bbox 1598 1247 1696 1289; x_wconf 88' lang='lat' dir='ltr'>deo-</span> 
     </span>
     <span class='ocr_line' id='line_1_20' title="bbox 129 1306 1695 1363; baseline -0.001 -13"><span class='ocrx_word' id='word_1_165' title='bbox 129 1323 222 1350; x_wconf 89' lang='lat' dir='ltr'>rum</span> <span class='ocrx_word' id='word_1_166' title='bbox 257 1309 448 1350; x_wconf 89' lang='lat' dir='ltr'>omnium</span> <span class='ocrx_word' id='word_1_167' title='bbox 481 1308 627 1350; x_wconf 85' lang='lat' dir='ltr'>resisti</span> <span class='ocrx_word' id='word_1_168' title='bbox 658 1308 885 1363; x_wconf 87' lang='lat' dir='ltr'>potuisset.</span> <span class='ocrx_word' id='word_1_169' title='bbox 948 1322 1124 1362; x_wconf 88' lang='lat' dir='ltr'>coepere</span> <span class='ocrx_word' id='word_1_170' title='bbox 1159 1323 1182 1348; x_wconf 88' lang='lat' dir='ltr'>a</span> <span class='ocrx_word' id='word_1_171' title='bbox 1213 1307 1329 1348; x_wconf 83' lang='lat' dir='ltr'>fame</span> <span class='ocrx_word' id='word_1_172' title='bbox 1354 1307 1486 1362; x_wconf 78' lang='lat' dir='ltr'>mala,</span> <span class='ocrx_word' id='word_1_173' title='bbox 1521 1321 1596 1349; x_wconf 88' lang='lat' dir='ltr'>seu</span> <span class='ocrx_word' id='word_1_174' title='bbox 1622 1306 1695 1348; x_wconf 85' lang='lat' dir='ltr'>ad-</span> 
     </span>
     <span class='ocr_line' id='line_1_21' title="bbox 128 1365 1694 1423; baseline -0.001 -15"><span class='ocrx_word' id='word_1_175' title='bbox 128 1382 276 1410; x_wconf 85' lang='lat' dir='ltr'>versus</span> <span class='ocrx_word' id='word_1_176' title='bbox 310 1382 446 1409; x_wconf 83' lang='lat' dir='ltr'>annus</span> <span class='ocrx_word' id='word_1_177' title='bbox 480 1367 679 1423; x_wconf 58' lang='lat' dir='ltr'>frugibus</span> <span class='ocrx_word' id='word_1_178' title='bbox 711 1366 813 1422; x_wconf 85' lang='lat' dir='ltr'>fuit,</span> <span class='ocrx_word' id='word_1_179' title='bbox 846 1381 920 1408; x_wconf 88' lang='lat' dir='ltr'>seu</span> <span class='ocrx_word' id='word_1_180' title='bbox 953 1366 1175 1408; x_wconf 86' lang='lat' dir='ltr'>dulcedine</span> <span class='ocrx_word' id='word_1_181' title='bbox 1208 1365 1454 1409; x_wconf 89' lang='lat' dir='ltr'>contionum</span> <span class='ocrx_word' id='word_1_182' title='bbox 1495 1369 1538 1408; x_wconf 86' lang='lat' dir='ltr'>et</span> <span class='ocrx_word' id='word_1_183' title='bbox 1575 1365 1694 1408; x_wconf 88' lang='lat' dir='ltr'>urbis</span> 
     </span>
     <span class='ocr_line' id='line_1_22' title="bbox 129 1425 1695 1483; baseline 0 -16"><span class='ocrx_word' id='word_1_184' title='bbox 129 1427 297 1469; x_wconf 85' lang='lat' dir='ltr'>deserto</span> <span class='ocrx_word' id='word_1_185' title='bbox 325 1441 528 1483; x_wconf 84' lang='lat' dir='ltr'>agrorum</span> <span class='ocrx_word' id='word_1_186' title='bbox 556 1426 691 1481; x_wconf 74' lang='lat' dir='ltr'>cultu3</span> <span class='ocrx_word' id='word_1_187' title='bbox 723 1441 823 1467; x_wconf 89' lang='lat' dir='ltr'>nam</span> <span class='ocrx_word' id='word_1_188' title='bbox 851 1429 1083 1482; x_wconf 88' lang='lat' dir='ltr'>utrumque</span> <span class='ocrx_word' id='word_1_189' title='bbox 1109 1425 1306 1468; x_wconf 88' lang='lat' dir='ltr'>traditur.</span> <span class='ocrx_word' id='word_1_190' title='bbox 1368 1428 1411 1467; x_wconf 87' lang='lat' dir='ltr'>et</span> <span class='ocrx_word' id='word_1_191' title='bbox 1437 1428 1580 1480; x_wconf 86' lang='lat' dir='ltr'>patres</span> <span class='ocrx_word' id='word_1_192' title='bbox 1606 1425 1695 1481; x_wconf 87' lang='lat' dir='ltr'>ple-</span> 
     </span>
     <span class='ocr_line' id='line_1_23' title="bbox 128 1484 1695 1540; baseline 0 -14"><span class='ocrx_word' id='word_1_193' title='bbox 128 1488 224 1528; x_wconf 85' lang='lat' dir='ltr'>bem</span> <span class='ocrx_word' id='word_1_194' title='bbox 260 1486 448 1528; x_wconf 87' lang='lat' dir='ltr'>desidem</span> <span class='ocrx_word' id='word_1_195' title='bbox 483 1489 525 1527; x_wconf 88' lang='lat' dir='ltr'>et</span> <span class='ocrx_word' id='word_1_196' title='bbox 557 1485 722 1527; x_wconf 85' lang='lat' dir='ltr'>tribuni</span> <span class='ocrx_word' id='word_1_197' title='bbox 754 1485 893 1540; x_wconf 89' lang='lat' dir='ltr'>plebis</span> <span class='ocrx_word' id='word_1_198' title='bbox 931 1500 1045 1527; x_wconf 86' lang='lat' dir='ltr'>nunc</span> <span class='ocrx_word' id='word_1_199' title='bbox 1083 1484 1280 1526; x_wconf 87' lang='lat' dir='ltr'>fraudem</span> <span class='ocrx_word' id='word_1_200' title='bbox 1319 1499 1432 1526; x_wconf 89' lang='lat' dir='ltr'>nunc</span> <span class='ocrx_word' id='word_1_201' title='bbox 1468 1484 1695 1540; x_wconf 82' lang='lat' dir='ltr'>neglegen-</span> 
     </span>
    </p>
   </div>
   <div class='ocr_carea' id='block_1_2' title="bbox 128 1613 876 1706">
    <p class='ocr_par' dir='ltr' id='par_1_9' title="bbox 128 1613 876 1706">
     <span class='ocr_line' id='line_1_24' title="bbox 176 1613 876 1659; baseline -0.004 -9"><span class='ocrx_word' id='word_1_202' title='bbox 176 1616 251 1650; x_wconf 82' lang='lat' dir='ltr'>iam</span> <span class='ocrx_word' id='word_1_203' title='bbox 265 1615 322 1649; x_wconf 85' lang='lat' dir='ltr'>die</span> <span class='ocrx_word' id='word_1_204' title='bbox 335 1614 448 1659; x_wconf 60' lang='lat' dir='ltr'>dicta}</span> <span class='ocrx_word' id='word_1_205' title='bbox 463 1614 497 1648; x_wconf 86' lang='lat' dir='ltr'>d.</span> <span class='ocrx_word' id='word_1_206' title='bbox 509 1615 545 1648; x_wconf 83' lang='lat' dir='ltr'>h.</span> <span class='ocrx_word' id='word_1_207' title='bbox 561 1615 616 1648; x_wconf 85' lang='lat' dir='ltr'>als</span> <span class='ocrx_word' id='word_1_208' title='bbox 631 1613 744 1648; x_wconf 83' lang='grc'>11111811</span> <span class='ocrx_word' id='word_1_209' title='bbox 761 1614 876 1649; x_wconf 72' lang='grc'>8811011</span> 
     </span>
     <span class='ocr_line' id='line_1_25' title="bbox 128 1661 787 1706; baseline -0.002 -10"><span class='ocrx_word' id='word_1_210' title='bbox 128 1662 189 1696; x_wconf 82' lang='grc'>8111</span> <span class='ocrx_word' id='word_1_211' title='bbox 216 1661 456 1706; x_wconf 83' lang='lat' dir='ltr'>Gerichtstag</span> <span class='ocrx_word' id='word_1_212' title='bbox 481 1661 675 1696; x_wconf 80' lang='lat' dir='ltr'>bestimmt</span> <span class='ocrx_word' id='word_1_213' title='bbox 700 1672 787 1695; x_wconf 79' lang='lat' dir='ltr'>war.</span> 
     </span>
    </p>
   </div>
   <div class='ocr_carea' id='block_1_3' title="bbox 129 1731 877 1958">
    <p class='ocr_par' dir='ltr' id='par_1_10' title="bbox 129 1731 877 1958">
     <span class='ocr_line' id='line_1_26' title="bbox 176 1731 877 1778; baseline -0.003 -10"><span class='ocrx_word' id='word_1_214' title='bbox 176 1733 293 1768; x_wconf 84' lang='lat' dir='ltr'>coloni</span> <span class='ocrx_word' id='word_1_215' title='bbox 326 1733 517 1778; x_wconf 73' lang='lat' dir='ltr'>adscripti]</span> <span class='ocrx_word' id='word_1_216' title='bbox 554 1732 679 1766; x_wconf 84' lang='lat' dir='ltr'>indem</span> <span class='ocrx_word' id='word_1_217' title='bbox 712 1732 763 1766; x_wconf 82' lang='lat' dir='ltr'>sie</span> <span class='ocrx_word' id='word_1_218' title='bbox 798 1731 877 1767; x_wconf 83' lang='lat' dir='ltr'>sich</span> 
     </span>
     <span class='ocr_line' id='line_1_27' title="bbox 130 1779 877 1815; baseline -0.001 0"><span class='ocrx_word' id='word_1_219' title='bbox 130 1780 247 1815; x_wconf 73' lang='lat' dir='ltr'>selbst</span> <span class='ocrx_word' id='word_1_220' title='bbox 283 1779 336 1814; x_wconf 82' lang='lat' dir='ltr'>als</span> <span class='ocrx_word' id='word_1_221' title='bbox 379 1780 576 1814; x_wconf 84' lang='lat' dir='ltr'>Ansiedler</span> <span class='ocrx_word' id='word_1_222' title='bbox 618 1779 877 1815; x_wconf 81' lang='lat' dir='ltr'>einsohrieben</span> 
     </span>
     <span class='ocr_line' id='line_1_28' title="bbox 129 1826 875 1872; baseline -0.001 -10"><span class='ocrx_word' id='word_1_223' title='bbox 129 1827 204 1862; x_wconf 87' lang='lat' dir='ltr'>und</span> <span class='ocrx_word' id='word_1_224' title='bbox 232 1847 286 1861; x_wconf 86' lang='lat'><em>——-.</em></span> <span class='ocrx_word' id='word_1_225' title='bbox 331 1827 401 1861; x_wconf 90' lang='lat' dir='ltr'>Zur</span> <span class='ocrx_word' id='word_1_226' title='bbox 433 1826 708 1862; x_wconf 81' lang='lat' dir='ltr'>Konstruktion</span> <span class='ocrx_word' id='word_1_227' title='bbox 739 1827 815 1872; x_wconf 82' lang='lat' dir='ltr'>vgl.</span> <span class='ocrx_word' id='word_1_228' title='bbox 844 1832 875 1871; x_wconf 85' lang='lat'>3,</span> 
     </span>
     <span class='ocr_line' id='line_1_29' title="bbox 129 1875 872 1919; baseline 0 -9"><span class='ocrx_word' id='word_1_229' title='bbox 129 1879 183 1919; x_wconf 76' lang='lat'>72,</span> <span class='ocrx_word' id='word_1_230' title='bbox 200 1879 219 1910; x_wconf 98' lang='grc'>2</span> <span class='ocrx_word' id='word_1_231' title='bbox 247 1875 385 1910; x_wconf 82' lang='lat' dir='ltr'>iudices</span> <span class='ocrx_word' id='word_1_232' title='bbox 406 1876 443 1909; x_wconf 74' lang='lat' dir='ltr'>in</span> <span class='ocrx_word' id='word_1_233' title='bbox 466 1885 570 1910; x_wconf 83' lang='lat' dir='ltr'>suam</span> <span class='ocrx_word' id='word_1_234' title='bbox 589 1886 662 1910; x_wconf 84' lang='lat' dir='ltr'>rem</span> <span class='ocrx_word' id='word_1_235' title='bbox 684 1876 779 1910; x_wconf 80' lang='lat' dir='ltr'>litem</span> <span class='ocrx_word' id='word_1_236' title='bbox 799 1886 872 1910; x_wconf 78' lang='lat' dir='ltr'>ver-</span> 
     </span>
     <span class='ocr_line' id='line_1_30' title="bbox 129 1923 244 1958; baseline -0.017 0"><span class='ocrx_word' id='word_1_237' title='bbox 129 1923 244 1958; x_wconf 70' lang='lat' dir='ltr'>tendo.</span> 
     </span>
    </p>
   </div>
   <div class='ocr_carea' id='block_1_4' title="bbox 129 1993 877 2322">
    <p class='ocr_par' dir='ltr' id='par_1_11' title="bbox 129 1993 877 2322">
     <span class='ocr_line' id='line_1_31' title="bbox 177 1993 873 2039; baseline 0 -11"><span class='ocrx_word' id='word_1_238' title='bbox 177 1994 286 2039; x_wconf 83' lang='lat' dir='ltr'>Kap.</span> <span class='ocrx_word' id='word_1_239' title='bbox 320 1993 477 2028; x_wconf 70' lang='lat'><strong>12-16.</strong></span> <span class='ocrx_word' id='word_1_240' title='bbox 521 1993 600 2028; x_wconf 91' lang='lat' dir='ltr'>Die</span> <span class='ocrx_word' id='word_1_241' title='bbox 636 1994 777 2029; x_wconf 83' lang='lat' dir='ltr'>Jahrc</span> <span class='ocrx_word' id='word_1_242' title='bbox 807 1998 873 2028; x_wconf 83' lang='lat'>313</span> 
     </span>
     <span class='ocr_line' id='line_1_32' title="bbox 129 2041 874 2086; baseline 0.004 -14"><span class='ocrx_word' id='word_1_243' title='bbox 129 2041 199 2075; x_wconf 62' lang='lat' dir='ltr'>tis</span> <span class='ocrx_word' id='word_1_244' title='bbox 251 2045 318 2076; x_wconf 82' lang='lat'>315</span> <span class='ocrx_word' id='word_1_245' title='bbox 371 2041 450 2075; x_wconf 80' lang='lat' dir='ltr'>der</span> <span class='ocrx_word' id='word_1_246' title='bbox 495 2041 634 2076; x_wconf 75' lang='lat' dir='ltr'>stadt</span> <span class='ocrx_word' id='word_1_247' title='bbox 677 2043 874 2086; x_wconf 83' lang='lat'>(441—439</span> 
     </span>
     <span class='ocr_line' id='line_1_33' title="bbox 129 2087 874 2134; baseline 0 -12"><span class='ocrx_word' id='word_1_248' title='bbox 129 2087 874 2134; x_wconf 62' lang='lat' dir='ltr'>v.Chr.):StfidtischeAngelegen-</span> 
     </span>
     <span class='ocr_line' id='line_1_34' title="bbox 130 2135 874 2180; baseline 0.001 -11"><span class='ocrx_word' id='word_1_249' title='bbox 130 2135 305 2178; x_wconf 85' lang='lat' dir='ltr'>heiten;</span> <span class='ocrx_word' id='word_1_250' title='bbox 339 2135 636 2180; x_wconf 84' lang='lat' dir='ltr'>Hungersnot</span> <span class='ocrx_word' id='word_1_251' title='bbox 679 2135 767 2170; x_wconf 87' lang='lat' dir='ltr'>und</span> <span class='ocrx_word' id='word_1_252' title='bbox 805 2136 874 2170; x_wconf 89' lang='lat' dir='ltr'>Er-</span> 
     </span>
     <span class='ocr_line' id='line_1_35' title="bbox 130 2182 875 2227; baseline 0 -10"><span class='ocrx_word' id='word_1_253' title='bbox 130 2182 350 2227; x_wconf 83' lang='lat' dir='ltr'>mordung</span> <span class='ocrx_word' id='word_1_254' title='bbox 408 2183 487 2217; x_wconf 85' lang='lat' dir='ltr'>des</span> <span class='ocrx_word' id='word_1_255' title='bbox 538 2182 875 2218; x_wconf 85' lang='lat' dir='ltr'>Volksfreunds</span> 
     </span>
     <span class='ocr_line' id='line_1_36' title="bbox 132 2229 877 2275; baseline 0.001 -12"><span class='ocrx_word' id='word_1_256' title='bbox 132 2229 320 2275; x_wconf 76' lang='lat' dir='ltr'>spurius</span> <span class='ocrx_word' id='word_1_257' title='bbox 341 2229 533 2264; x_wconf 80' lang='lat' dir='ltr'>Maelius</span> <span class='ocrx_word' id='word_1_258' title='bbox 556 2230 644 2273; x_wconf 77' lang='lat' dir='ltr'>(vgl.</span> <span class='ocrx_word' id='word_1_259' title='bbox 662 2230 877 2275; x_wconf 75' lang='lat' dir='ltr'>Schwegler</span> 
     </span>
     <span class='ocr_line' id='line_1_37' title="bbox 130 2277 341 2322; baseline -0.005 -9.979"><span class='ocrx_word' id='word_1_260' title='bbox 130 2283 161 2321; x_wconf 91' lang='lat'><em>.‘3‚</em></span> <span class='ocrx_word' id='word_1_261' title='bbox 173 2281 238 2313; x_wconf 87' lang='lat'>131</span> <span class='ocrx_word' id='word_1_262' title='bbox 254 2277 341 2322; x_wconf 71' lang='lat' dir='ltr'>fig).</span> 
     </span>
    </p>
   </div>
   <div class='ocr_carea' id='block_1_5' title="bbox 131 2348 877 2489">
    <p class='ocr_par' dir='ltr' id='par_1_12' title="bbox 131 2348 877 2489">
     <span class='ocr_line' id='line_1_38' title="bbox 178 2348 877 2406; baseline -0.001 -22"><span class='ocrx_word' id='word_1_263' title='bbox 178 2348 234 2384; x_wconf 78' lang='lat'>12</span> <span class='ocrx_word' id='word_1_264' title='bbox 263 2352 294 2383; x_wconf 88' lang='grc'>2.</span> <span class='ocrx_word' id='word_1_265' title='bbox 315 2349 397 2406; x_wconf 80' lang='lat' dir='ltr'>per]</span> <span class='ocrx_word' id='word_1_266' title='bbox 410 2348 496 2384; x_wconf 82' lang='lat' dir='ltr'>‘&#39;bei</span> <span class='ocrx_word' id='word_1_267' title='bbox 503 2349 687 2394; x_wconf 86' lang='lat' dir='ltr'>,Angabe</span> <span class='ocrx_word' id='word_1_268' title='bbox 711 2349 775 2383; x_wconf 83' lang='lat' dir='ltr'>der</span> <span class='ocrx_word' id='word_1_269' title='bbox 796 2348 877 2383; x_wconf 82' lang='lat' dir='ltr'>Zcit</span> 
     </span>
     <span class='ocr_line' id='line_1_39' title="bbox 131 2393 876 2441; baseline 0 -11"><span class='ocrx_word' id='word_1_270' title='bbox 131 2412 134 2416; x_wconf 54' lang='lat'><em>⁴</em></span> <span class='ocrx_word' id='word_1_271' title='bbox 148 2393 354 2430; x_wconf 76' lang='lat' dir='ltr'>wahrend</span> <span class='ocrx_word' id='word_1_272' title='bbox 363 2398 375 2441; x_wconf 91' lang='lat'><em>)</em></span> <span class='ocrx_word' id='word_1_273' title='bbox 403 2396 492 2431; x_wconf 87' lang='lat' dir='ltr'>oder</span> <span class='ocrx_word' id='word_1_274' title='bbox 513 2396 578 2431; x_wconf 81' lang='grc'>(181</span> <span class='ocrx_word' id='word_1_275' title='bbox 600 2396 778 2430; x_wconf 82' lang='lat' dir='ltr'>Veranlas</span> <span class='ocrx_word' id='word_1_276' title='bbox 763 2407 876 2441; x_wconf 69' lang='lat' dir='ltr'>ssung</span> 
     </span>
     <span class='ocr_line' id='line_1_40' title="bbox 132 2440 352 2489; baseline 0.005 -12"><span class='ocrx_word' id='word_1_277' title='bbox 132 2448 153 2483; x_wconf 73' lang='lat' dir='ltr'>-ss</span> <span class='ocrx_word' id='word_1_278' title='bbox 148 2440 320 2489; x_wconf 84' lang='lat' dir='ltr'>infolge&#39;</span> <span class='ocrx_word' id='word_1_279' title='bbox 325 2445 352 2488; x_wconf 89' lang='lat'>).</span> 
     </span>
    </p>
   </div>
   <div class='ocr_carea' id='block_1_6' title="bbox 131 2514 875 2598">
    <p class='ocr_par' dir='ltr' id='par_1_13' title="bbox 131 2514 875 2598">
     <span class='ocr_line' id='line_1_41' title="bbox 178 2514 875 2561; baseline 0 -12"><span class='ocrx_word' id='word_1_280' title='bbox 178 2526 220 2550; x_wconf 72' lang='lat' dir='ltr'>esc</span> <span class='ocrx_word' id='word_1_281' title='bbox 254 2519 403 2550; x_wconf 76' lang='lat' dir='ltr'>senatus</span> <span class='ocrx_word' id='word_1_282' title='bbox 437 2515 613 2561; x_wconf 81' lang='lat' dir='ltr'>consulto]</span> <span class='ocrx_word' id='word_1_283' title='bbox 651 2514 720 2550; x_wconf 90' lang='lat' dir='ltr'>Die</span> <span class='ocrx_word' id='word_1_284' title='bbox 758 2514 875 2549; x_wconf 82' lang='lat' dir='ltr'>Sache</span> 
     </span>
     <span class='ocr_line' id='line_1_42' title="bbox 131 2562 744 2598; baseline 0.002 -2"><span class='ocrx_word' id='word_1_285' title='bbox 131 2562 257 2597; x_wconf 85' lang='lat' dir='ltr'>wurde</span> <span class='ocrx_word' id='word_1_286' title='bbox 283 2562 410 2596; x_wconf 79' lang='lat' dir='ltr'>frfiher</span> <span class='ocrx_word' id='word_1_287' title='bbox 435 2562 541 2598; x_wconf 87' lang='lat' dir='ltr'>nicht</span> <span class='ocrx_word' id='word_1_288' title='bbox 567 2562 744 2597; x_wconf 79' lang='lat' dir='ltr'>erw‘ahnt.</span> 
     </span>
    </p>
   </div>
   <div class='ocr_carea' id='block_1_7' title="bbox 130 2617 878 2808">
    <p class='ocr_par' dir='ltr' id='par_1_14' title="bbox 130 2617 875 2808">
     <span class='ocr_line' id='line_1_43' title="bbox 179 2617 875 2667; baseline -0.001 -11"><span class='ocrx_word' id='word_1_289' title='bbox 179 2625 211 2656; x_wconf 91' lang='lat'>3.</span> <span class='ocrx_word' id='word_1_290' title='bbox 232 2632 273 2656; x_wconf 79' lang='grc' dir='ltr'>εα</span> <span class='ocrx_word' id='word_1_291' title='bbox 292 2617 414 2667; x_wconf 81' lang='lat' dir='ltr'>ipsa]</span> <span class='ocrx_word' id='word_1_292' title='bbox 424 2621 517 2656; x_wconf 87' lang='lat' dir='ltr'>eben</span> <span class='ocrx_word' id='word_1_293' title='bbox 538 2618 646 2664; x_wconf 81' lang='lat' dir='ltr'>dies&#39;,</span> <span class='ocrx_word' id='word_1_294' title='bbox 669 2632 743 2655; x_wconf 81' lang='lat' dir='ltr'>was</span> <span class='ocrx_word' id='word_1_295' title='bbox 763 2621 875 2655; x_wconf 89' lang='lat' dir='ltr'>nach-</span> 
     </span>
     <span class='ocr_line' id='line_1_44' title="bbox 130 2662 877 2714; baseline 0 -12"><span class='ocrx_word' id='word_1_296' title='bbox 130 2669 238 2714; x_wconf 71' lang='lat' dir='ltr'>iolgt,</span> <span class='ocrx_word' id='word_1_297' title='bbox 264 2668 376 2703; x_wconf 80' lang='grc'>1131111.</span> <span class='ocrx_word' id='word_1_298' title='bbox 403 2667 477 2702; x_wconf 81' lang='lat' dir='ltr'>dass</span> <span class='ocrx_word' id='word_1_299' title='bbox 503 2679 542 2704; x_wconf 91' lang='lat' dir='ltr'>er</span> <span class='ocrx_word' id='word_1_300' title='bbox 569 2668 649 2704; x_wconf 89' lang='grc'>81118</span> <span class='ocrx_word' id='word_1_301' title='bbox 676 2662 877 2704; x_wconf 57' lang='lat' dir='ltr'>Kekerver-</span> 
     </span>
     <span class='ocr_line' id='line_1_45' title="bbox 131 2715 878 2760; baseline 0.001 -11"><span class='ocrx_word' id='word_1_302' title='bbox 131 2715 277 2760; x_wconf 83' lang='lat' dir='ltr'>teilung</span> <span class='ocrx_word' id='word_1_303' title='bbox 296 2716 372 2750; x_wconf 86' lang='lat' dir='ltr'>und</span> <span class='ocrx_word' id='word_1_304' title='bbox 387 2715 447 2751; x_wconf 91' lang='lat' dir='ltr'>die</span> <span class='ocrx_word' id='word_1_305' title='bbox 461 2715 577 2751; x_wconf 89' lang='lat' dir='ltr'>Wahl</span> <span class='ocrx_word' id='word_1_306' title='bbox 590 2726 663 2751; x_wconf 89' lang='lat' dir='ltr'>von</span> <span class='ocrx_word' id='word_1_307' title='bbox 677 2715 878 2751; x_wconf 81' lang='lat' dir='ltr'>Konsular-</span> 
     </span>
     <span class='ocr_line' id='line_1_46' title="bbox 130 2762 693 2808; baseline 0.004 -12"><span class='ocrx_word' id='word_1_308' title='bbox 130 2762 305 2798; x_wconf 84' lang='lat' dir='ltr'>tribunen</span> <span class='ocrx_word' id='word_1_309' title='bbox 332 2763 534 2808; x_wconf 84' lang='lat' dir='ltr'>verlangen</span> <span class='ocrx_word' id='word_1_310' title='bbox 560 2762 693 2798; x_wconf 84' lang='lat' dir='ltr'>werde.</span> 
     </span>
    </p>
   </div>
   <div class='ocr_carea' id='block_1_8' title="bbox 133 2821 877 2959">
    <p class='ocr_par' dir='ltr' id='par_1_15' title="bbox 133 2821 877 2959">
     <span class='ocr_line' id='line_1_47' title="bbox 179 2821 876 2867; baseline 0.003 -12"><span class='ocrx_word' id='word_1_311' title='bbox 179 2825 212 2856; x_wconf 88' lang='lat'>4.</span> <span class='ocrx_word' id='word_1_312' title='bbox 238 2833 350 2866; x_wconf 78' lang='lat' dir='ltr'>neque</span> <span class='ocrx_word' id='word_1_313' title='bbox 365 2849 372 2856; x_wconf 90' lang='lat'>.</span> <span class='ocrx_word' id='word_1_314' title='bbox 387 2850 395 2857; x_wconf 88' lang='lat'><em>.</em></span> <span class='ocrx_word' id='word_1_315' title='bbox 411 2849 419 2857; x_wconf 89' lang='lat'><strong>.</strong></span> <span class='ocrx_word' id='word_1_316' title='bbox 433 2822 479 2867; x_wconf 79' lang='lat' dir='ltr'>et]</span> <span class='ocrx_word' id='word_1_317' title='bbox 494 2821 687 2856; x_wconf 81' lang='lat' dir='ltr'>einerseits</span> <span class='ocrx_word' id='word_1_318' title='bbox 701 2821 807 2856; x_wconf 86' lang='lat' dir='ltr'>nicht</span> <span class='ocrx_word' id='word_1_319' title='bbox 823 2851 829 2856; x_wconf 93' lang='lat'>.</span> <span class='ocrx_word' id='word_1_320' title='bbox 846 2851 852 2857; x_wconf 92' lang='lat'>.</span> <span class='ocrx_word' id='word_1_321' title='bbox 870 2850 876 2857; x_wconf 86' lang='lat'>.</span> 
     </span>
     <span class='ocr_line' id='line_1_48' title="bbox 133 2867 877 2914; baseline 0.005 -14"><span class='ocrx_word' id='word_1_322' title='bbox 133 2867 354 2903; x_wconf 78' lang='lat' dir='ltr'>anderseits:</span> <span class='ocrx_word' id='word_1_323' title='bbox 382 2868 476 2913; x_wconf 87' lang='lat' dir='ltr'>Kap.</span> <span class='ocrx_word' id='word_1_324' title='bbox 506 2873 561 2912; x_wconf 85' lang='lat'>16,</span> <span class='ocrx_word' id='word_1_325' title='bbox 579 2872 609 2904; x_wconf 82' lang='lat'>5.</span> <span class='ocrx_word' id='word_1_326' title='bbox 636 2869 720 2914; x_wconf 77' lang='lat' dir='ltr'>VgL</span> <span class='ocrx_word' id='word_1_327' title='bbox 741 2880 850 2904; x_wconf 86' lang='lat' dir='ltr'>nec..</span> <span class='ocrx_word' id='word_1_328' title='bbox 871 2897 877 2904; x_wconf 92' lang='lat'>.</span> 
     </span>
     <span class='ocr_line' id='line_1_49' title="bbox 133 2914 875 2959; baseline 0.003 -10"><span class='ocrx_word' id='word_1_329' title='bbox 133 2919 177 2958; x_wconf 79' lang='lat' dir='ltr'>et,</span> <span class='ocrx_word' id='word_1_330' title='bbox 212 2914 304 2959; x_wconf 62' lang='grc' dir='ltr'>Καρ.</span> <span class='ocrx_word' id='word_1_331' title='bbox 339 2919 393 2959; x_wconf 76' lang='grc'>18,</span> <span class='ocrx_word' id='word_1_332' title='bbox 419 2919 455 2956; x_wconf 70' lang='grc'>6,</span> <span class='ocrx_word' id='word_1_333' title='bbox 492 2920 546 2957; x_wconf 81' lang='lat'>34,</span> <span class='ocrx_word' id='word_1_334' title='bbox 563 2921 600 2957; x_wconf 80' lang='lat'>6;</span> <span class='ocrx_word' id='word_1_335' title='bbox 628 2920 683 2957; x_wconf 79' lang='lat'>37,</span> <span class='ocrx_word' id='word_1_336' title='bbox 699 2921 735 2957; x_wconf 69' lang='lat'>6,</span> <span class='ocrx_word' id='word_1_337' title='bbox 773 2920 827 2959; x_wconf 87' lang='lat'>39,</span> <span class='ocrx_word' id='word_1_338' title='bbox 845 2920 875 2951; x_wconf 75' lang='lat'>2.</span> 
     </span>
    </p>
   </div>
   <div class='ocr_carea' id='block_1_9' title="bbox 947 1612 1697 2085">
    <p class='ocr_par' dir='ltr' id='par_1_16' title="bbox 950 1612 1696 1848">
     <span class='ocr_line' id='line_1_50' title="bbox 987 1612 1694 1658; baseline -0.001 -10"><span class='ocrx_word' id='word_1_339' title='bbox 987 1614 1101 1658; x_wconf 69' lang='lat' dir='ltr'>plebi]</span> <span class='ocrx_word' id='word_1_340' title='bbox 1109 1612 1168 1647; x_wconf 79' lang='lat' dir='ltr'>sie</span> <span class='ocrx_word' id='word_1_341' title='bbox 1181 1624 1255 1647; x_wconf 86' lang='lat' dir='ltr'>war</span> <span class='ocrx_word' id='word_1_342' title='bbox 1267 1612 1515 1657; x_wconf 83' lang='lat' dir='ltr'>ausgebracht</span> <span class='ocrx_word' id='word_1_343' title='bbox 1523 1612 1694 1656; x_wconf 70' lang='lat' dir='ltr'>dai-tiber,</span> 
     </span>
     <span class='ocr_line' id='line_1_51' title="bbox 952 1659 1694 1705; baseline 0.001 -11"><span class='ocrx_word' id='word_1_344' title='bbox 952 1659 1025 1695; x_wconf 79' lang='lat' dir='ltr'>dass</span> <span class='ocrx_word' id='word_1_345' title='bbox 1051 1660 1113 1695; x_wconf 86' lang='lat' dir='ltr'>bei</span> <span class='ocrx_word' id='word_1_346' title='bbox 1140 1660 1205 1695; x_wconf 85' lang='lat' dir='ltr'>der</span> <span class='ocrx_word' id='word_1_347' title='bbox 1226 1659 1433 1705; x_wconf 76' lang='lat' dir='ltr'>Grfindung</span> <span class='ocrx_word' id='word_1_348' title='bbox 1451 1659 1517 1694; x_wconf 89' lang='lat' dir='ltr'>der</span> <span class='ocrx_word' id='word_1_349' title='bbox 1535 1659 1694 1695; x_wconf 88' lang='lat' dir='ltr'>Kolonie</span> 
     </span>
     <span class='ocr_line' id='line_1_52' title="bbox 950 1706 1696 1752; baseline 0 -10"><span class='ocrx_word' id='word_1_350' title='bbox 950 1709 988 1742; x_wconf 85' lang='lat' dir='ltr'>in</span> <span class='ocrx_word' id='word_1_351' title='bbox 1019 1708 1143 1743; x_wconf 86' lang='lat' dir='ltr'>Ardea</span> <span class='ocrx_word' id='word_1_352' title='bbox 1169 1718 1208 1742; x_wconf 83' lang='lat' dir='ltr'>so</span> <span class='ocrx_word' id='word_1_353' title='bbox 1235 1708 1380 1752; x_wconf 80' lang='lat' dir='ltr'>wenige</span> <span class='ocrx_word' id='word_1_354' title='bbox 1411 1706 1597 1743; x_wconf 73' lang='lat' dir='ltr'>romische</span> <span class='ocrx_word' id='word_1_355' title='bbox 1622 1708 1696 1742; x_wconf 88' lang='lat' dir='ltr'>An·</span> 
     </span>
     <span class='ocr_line' id='line_1_53' title="bbox 951 1755 1693 1800; baseline 0.001 -11"><span class='ocrx_word' id='word_1_356' title='bbox 951 1755 1088 1790; x_wconf 81' lang='lat' dir='ltr'>siedler</span> <span class='ocrx_word' id='word_1_357' title='bbox 1107 1766 1378 1800; x_wconf 85' lang='lat' dir='ltr'>angenommen</span> <span class='ocrx_word' id='word_1_358' title='bbox 1393 1755 1545 1790; x_wconf 82' lang='lat' dir='ltr'>worden</span> <span class='ocrx_word' id='word_1_359' title='bbox 1558 1765 1693 1799; x_wconf 82' lang='lat' dir='ltr'>waren,</span> 
     </span>
     <span class='ocr_line' id='line_1_54' title="bbox 950 1802 1695 1848; baseline 0.001 -11"><span class='ocrx_word' id='word_1_360' title='bbox 950 1803 1025 1837; x_wconf 90' lang='lat' dir='ltr'>und</span> <span class='ocrx_word' id='word_1_361' title='bbox 1057 1803 1251 1847; x_wconf 84' lang='lat' dir='ltr'>verlangte</span> <span class='ocrx_word' id='word_1_362' title='bbox 1287 1802 1370 1838; x_wconf 87' lang='lat' dir='ltr'>eine</span> <span class='ocrx_word' id='word_1_363' title='bbox 1406 1802 1695 1848; x_wconf 86' lang='lat' dir='ltr'>Genugthuung.</span> 
     </span>
    </p>

    <p class='ocr_par' dir='ltr' id='par_1_17' title="bbox 947 1849 1697 2085">
     <span class='ocr_line' id='line_1_55' title="bbox 996 1849 1697 1896; baseline -0.001 -11"><span class='ocrx_word' id='word_1_364' title='bbox 996 1850 1184 1896; x_wconf 76' lang='lat' dir='ltr'>referrent]</span> <span class='ocrx_word' id='word_1_365' title='bbox 1219 1850 1368 1895; x_wconf 82' lang='lat' dir='ltr'>Referre</span> <span class='ocrx_word' id='word_1_366' title='bbox 1407 1849 1457 1885; x_wconf 84' lang='lat' dir='ltr'>ist</span> <span class='ocrx_word' id='word_1_367' title='bbox 1497 1850 1697 1886; x_wconf 82' lang='lat' dir='ltr'>stehender</span> 
     </span>
     <span class='ocr_line' id='line_1_56' title="bbox 947 1897 1694 1945; baseline 0 -13"><span class='ocrx_word' id='word_1_368' title='bbox 947 1897 1143 1945; x_wconf 81' lang='lat' dir='ltr'>Ausdruck</span> <span class='ocrx_word' id='word_1_369' title='bbox 1181 1908 1253 1933; x_wconf 86' lang='lat' dir='ltr'>von</span> <span class='ocrx_word' id='word_1_370' title='bbox 1290 1899 1361 1932; x_wconf 86' lang='lat' dir='ltr'>den</span> <span class='ocrx_word' id='word_1_371' title='bbox 1389 1897 1604 1933; x_wconf 77' lang='lat' dir='ltr'>Vorsitzern</span> <span class='ocrx_word' id='word_1_372' title='bbox 1629 1897 1694 1934; x_wconf 84' lang='lat' dir='ltr'>des</span> 
     </span>
     <span class='ocr_line' id='line_1_57' title="bbox 949 1944 1694 1991; baseline 0 -11"><span class='ocrx_word' id='word_1_373' title='bbox 949 1946 1097 1980; x_wconf 83' lang='lat' dir='ltr'>Senats:</span> <span class='ocrx_word' id='word_1_374' title='bbox 1143 1945 1251 1980; x_wconf 89' lang='lat' dir='ltr'>einen</span> <span class='ocrx_word' id='word_1_375' title='bbox 1301 1944 1456 1980; x_wconf 87' lang='lat' dir='ltr'>Bericht</span> <span class='ocrx_word' id='word_1_376' title='bbox 1509 1945 1694 1991; x_wconf 84' lang='lat' dir='ltr'>vorlegen,</span> 
     </span>
     <span class='ocr_line' id='line_1_58' title="bbox 949 1991 1695 2038; baseline 0 -11"><span class='ocrx_word' id='word_1_377' title='bbox 949 1993 1058 2028; x_wconf 86' lang='lat' dir='ltr'>einen</span> <span class='ocrx_word' id='word_1_378' title='bbox 1066 1993 1210 2038; x_wconf 76' lang='lat' dir='ltr'>Anti-ag</span> <span class='ocrx_word' id='word_1_379' title='bbox 1217 1993 1364 2028; x_wconf 82' lang='lat' dir='ltr'>stellen.</span> <span class='ocrx_word' id='word_1_380' title='bbox 1378 1993 1420 2027; x_wconf 88' lang='lat' dir='ltr'>In</span> <span class='ocrx_word' id='word_1_381' title='bbox 1429 1992 1514 2028; x_wconf 85' lang='lat' dir='ltr'>dem</span> <span class='ocrx_word' id='word_1_382' title='bbox 1521 1991 1695 2037; x_wconf 87' lang='lat' dir='ltr'>gleichen</span> 
     </span>
     <span class='ocr_line' id='line_1_59' title="bbox 950 2040 1694 2085; baseline 0.001 -10"><span class='ocrx_word' id='word_1_383' title='bbox 950 2040 1062 2075; x_wconf 85' lang='lat' dir='ltr'>Sinne</span> <span class='ocrx_word' id='word_1_384' title='bbox 1089 2040 1187 2085; x_wconf 87' lang='lat' dir='ltr'>folgt</span> <span class='ocrx_word' id='word_1_385' title='bbox 1212 2040 1394 2075; x_wconf 84' lang='lat' dir='ltr'>nachher:</span> <span class='ocrx_word' id='word_1_386' title='bbox 1421 2040 1694 2076; x_wconf 66' lang='lat' dir='ltr'>consuleremur</span> 
     </span>
    </p>
   </div>
   <div class='ocr_carea' id='block_1_10' title="bbox 944 2092 1078 2133">
    <p class='ocr_par' dir='ltr' id='par_1_18' title="bbox 944 2092 1078 2133">
     <span class='ocr_line' id='line_1_60' title="bbox 944 2092 1078 2133; baseline -0.007 -10"><span class='ocrx_word' id='word_1_387' title='bbox 944 2092 1078 2133; x_wconf 77' lang='lat' dir='ltr'>patres.</span> 
     </span>
    </p>
   </div>
   <div class='ocr_carea' id='block_1_11' title="bbox 950 2134 1696 2286">
    <p class='ocr_par' dir='ltr' id='par_1_19' title="bbox 950 2134 1696 2276">
     <span class='ocr_line' id='line_1_61' title="bbox 999 2134 1696 2180; baseline 0 -10"><span class='ocrx_word' id='word_1_388' title='bbox 999 2139 1030 2170; x_wconf 88' lang='lat'><strong>6</strong></span> <span class='ocrx_word' id='word_1_389' title='bbox 1056 2135 1253 2180; x_wconf 74' lang='lat' dir='ltr'>multiplici</span> <span class='ocrx_word' id='word_1_390' title='bbox 1278 2134 1378 2169; x_wconf 80' lang='lat' dir='ltr'>clade</span> <span class='ocrx_word' id='word_1_391' title='bbox 1402 2145 1446 2169; x_wconf 86' lang='lat' dir='ltr'>ac</span> <span class='ocrx_word' id='word_1_392' title='bbox 1465 2134 1696 2180; x_wconf 77' lang='lat' dir='ltr'>periculo]=</span> 
     </span>
     <span class='ocr_line' id='line_1_62' title="bbox 950 2181 1646 2226; baseline -0.001 -8"><span class='ocrx_word' id='word_1_393' title='bbox 950 2183 1074 2218; x_wconf 83' lang='lat' dir='ltr'>multis</span> <span class='ocrx_word' id='word_1_394' title='bbox 1099 2182 1371 2217; x_wconf 78' lang='lat' dir='ltr'>calamitatibus</span> <span class='ocrx_word' id='word_1_395' title='bbox 1395 2192 1439 2217; x_wconf 90' lang='lat' dir='ltr'>ac</span> <span class='ocrx_word' id='word_1_396' title='bbox 1458 2181 1646 2226; x_wconf 72' lang='lat' dir='ltr'>perimtlis.</span> 
     </span>
     <span class='ocr_line' id='line_1_63' title="bbox 997 2228 1694 2286; baseline 0 -22"><span class='ocrx_word' id='word_1_397' title='bbox 997 2229 1120 2276; x_wconf 74' lang='lat' dir='ltr'>reyno]</span> <span class='ocrx_word' id='word_1_398' title='bbox 1169 2229 1224 2264; x_wconf 85' lang='lat' dir='ltr'>als</span> <span class='ocrx_word' id='word_1_399' title='bbox 1273 2228 1354 2264; x_wconf 86' lang='lat' dir='ltr'>eine</span> <span class='ocrx_word' id='word_1_400' title='bbox 1391 2228 1482 2263; x_wconf 88' lang='lat' dir='ltr'>Last</span> <span class='ocrx_word' id='word_1_401' title='bbox 1519 2228 1694 2286; x_wconf 81' lang='lat' dir='ltr'>gedacht,</span> 
     </span>
    </p>
   </div>
   <div class='ocr_carea' id='block_1_12' title="bbox 945 2273 1694 2312">
    <p class='ocr_par' dir='ltr' id='par_1_20' title="bbox 945 2273 1694 2312">
     <span class='ocr_line' id='line_1_64' title="bbox 945 2273 1694 2312; baseline 0 -1"><span class='ocrx_word' id='word_1_402' title='bbox 945 2274 1028 2311; x_wconf 83' lang='lat' dir='ltr'>‘das</span> <span class='ocrx_word' id='word_1_403' title='bbox 1067 2276 1162 2311; x_wconf 82' lang='lat' dir='ltr'>Joch</span> <span class='ocrx_word' id='word_1_404' title='bbox 1197 2276 1298 2311; x_wconf 83' lang='lat' dir='ltr'>eines</span> <span class='ocrx_word' id='word_1_405' title='bbox 1323 2273 1694 2312; x_wconf 84' lang='lat' dir='ltr'>Alleinherrschers&#39;.</span> 
     </span>
    </p>
   </div>
   <div class='ocr_carea' id='block_1_13' title="bbox 949 2322 1696 2703">
    <p class='ocr_par' dir='ltr' id='par_1_21' title="bbox 949 2322 1695 2558">
     <span class='ocr_line' id='line_1_65' title="bbox 999 2322 1695 2370; baseline 0 -12"><span class='ocrx_word' id='word_1_406' title='bbox 999 2329 1029 2358; x_wconf 84' lang='lat'><strong>7</strong></span> <span class='ocrx_word' id='word_1_407' title='bbox 1039 2324 1232 2370; x_wconf 78' lang='lat' dir='ltr'>potuisset]</span> <span class='ocrx_word' id='word_1_408' title='bbox 1244 2327 1435 2369; x_wconf 81' lang='lat' dir='ltr'>-poterat</span> <span class='ocrx_word' id='word_1_409' title='bbox 1461 2322 1587 2358; x_wconf 85' lang='lat' dir='ltr'>Livius</span> <span class='ocrx_word' id='word_1_410' title='bbox 1601 2325 1695 2359; x_wconf 79' lang='lat' dir='ltr'>setzt</span> 
     </span>
     <span class='ocr_line' id='line_1_66' title="bbox 951 2370 1695 2415; baseline -0.001 -9"><span class='ocrx_word' id='word_1_411' title='bbox 951 2371 1130 2406; x_wconf 84' lang='lat' dir='ltr'>zuweilen</span> <span class='ocrx_word' id='word_1_412' title='bbox 1180 2371 1219 2406; x_wconf 88' lang='lat' dir='ltr'>in</span> <span class='ocrx_word' id='word_1_413' title='bbox 1257 2370 1396 2415; x_wconf 86' lang='lat' dir='ltr'>beding</span> <span class='ocrx_word' id='word_1_414' title='bbox 1398 2372 1463 2406; x_wconf 88' lang='lat' dir='ltr'>ten</span> <span class='ocrx_word' id='word_1_415' title='bbox 1499 2370 1590 2406; x_wconf 87' lang='lat' dir='ltr'>oder</span> <span class='ocrx_word' id='word_1_416' title='bbox 1632 2382 1695 2406; x_wconf 91' lang='lat' dir='ltr'>ne-</span> 
     </span>
     <span class='ocr_line' id='line_1_67' title="bbox 950 2383 1694 2464; baseline 0.003 -11"><span class='ocrx_word' id='word_1_417' title='bbox 950 2419 1097 2464; x_wconf 85' lang='lat' dir='ltr'>gierten</span> <span class='ocrx_word' id='word_1_418' title='bbox 1136 2419 1269 2454; x_wconf 79' lang='lat' dir='ltr'>S&#39;atzen</span> <span class='ocrx_word' id='word_1_419' title='bbox 1307 2383 1396 2453; x_wconf 79' lang='lat' dir='ltr'>deng</span> <span class='ocrx_word' id='word_1_420' title='bbox 1422 2417 1531 2464; x_wconf 86' lang='lat' dir='ltr'>Konj.</span> <span class='ocrx_word' id='word_1_421' title='bbox 1567 2418 1694 2462; x_wconf 78' lang='lat' dir='ltr'>Plusq.</span> 
     </span>
     <span class='ocr_line' id='line_1_68' title="bbox 949 2464 1694 2512; baseline -0.003 -10"><span class='ocrx_word' id='word_1_422' title='bbox 949 2478 1023 2502; x_wconf 87' lang='lat' dir='ltr'>von</span> <span class='ocrx_word' id='word_1_423' title='bbox 1055 2477 1160 2512; x_wconf 79' lang='lat' dir='ltr'>posse</span> <span class='ocrx_word' id='word_1_424' title='bbox 1197 2467 1290 2501; x_wconf 84' lang='lat' dir='ltr'>statt</span> <span class='ocrx_word' id='word_1_425' title='bbox 1327 2465 1392 2500; x_wconf 85' lang='lat' dir='ltr'>des</span> <span class='ocrx_word' id='word_1_426' title='bbox 1431 2464 1579 2511; x_wconf 85' lang='lat' dir='ltr'>Imperf.</span> <span class='ocrx_word' id='word_1_427' title='bbox 1614 2465 1694 2500; x_wconf 84' lang='lat' dir='ltr'>Ind.</span> 
     </span>
     <span class='ocr_line' id='line_1_69' title="bbox 951 2513 1353 2558; baseline -0.005 -8"><span class='ocrx_word' id='word_1_428' title='bbox 951 2517 1021 2558; x_wconf 88' lang='lat'>(10,</span> <span class='ocrx_word' id='word_1_429' title='bbox 1038 2518 1069 2556; x_wconf 86' lang='lat'>3,</span> <span class='ocrx_word' id='word_1_430' title='bbox 1085 2519 1105 2550; x_wconf 86' lang='lat'>8</span> <span class='ocrx_word' id='word_1_431' title='bbox 1120 2513 1196 2548; x_wconf 85' lang='lat' dir='ltr'>und</span> <span class='ocrx_word' id='word_1_432' title='bbox 1212 2518 1266 2557; x_wconf 86' lang='lat'>14,</span> <span class='ocrx_word' id='word_1_433' title='bbox 1284 2513 1353 2558; x_wconf 81' lang='lat'>17).</span> 
     </span>
    </p>

    <p class='ocr_par' dir='ltr' id='par_1_22' title="bbox 951 2560 1691 2703">
     <span class='ocr_line' id='line_1_70' title="bbox 997 2560 1541 2607; baseline -0.006 -10"><span class='ocrx_word' id='word_1_434' title='bbox 997 2562 1109 2607; x_wconf 80' lang='lat' dir='ltr'>mala]</span> <span class='ocrx_word' id='word_1_435' title='bbox 1140 2560 1298 2606; x_wconf 83' lang='lat' dir='ltr'>Subjekt</span> <span class='ocrx_word' id='word_1_436' title='bbox 1323 2572 1366 2594; x_wconf 94' lang='lat' dir='ltr'>zu</span> <span class='ocrx_word' id='word_1_437' title='bbox 1392 2570 1541 2604; x_wconf 77' lang='lat' dir='ltr'>coepere.</span> 
     </span>
     <span class='ocr_line' id='line_1_71' title="bbox 951 2617 1696 2703; baseline -0.001 -1"><span class='ocrx_word' id='word_1_438' title='bbox 951 2617 1696 2703; x_wconf 42' lang='grc' dir='ltr'>1133113ῖέ1Βοῗὲἕῑῖὺῗῖἓῖέξξὶ</span> 
     </span>
    </p>
   </div>
   <div class='ocr_carea' id='block_1_14' title="bbox 950 2711 1694 2806">
    <p class='ocr_par' dir='ltr' id='par_1_23' title="bbox 950 2711 1694 2806">
     <span class='ocr_line' id='line_1_72' title="bbox 950 2711 1694 2760; baseline -0.006 -9.849"><span class='ocrx_word' id='word_1_439' title='bbox 950 2715 1058 2760; x_wconf 89' lang='lat' dir='ltr'>niger</span> <span class='ocrx_word' id='word_1_440' title='bbox 1083 2713 1308 2757; x_wconf 85' lang='lat' dir='ltr'>auffallend,</span> <span class='ocrx_word' id='word_1_441' title='bbox 1337 2724 1445 2747; x_wconf 86' lang='lat' dir='ltr'>wenn</span> <span class='ocrx_word' id='word_1_442' title='bbox 1463 2711 1588 2748; x_wconf 81' lang='lat' dir='ltr'>hinter</span> <span class='ocrx_word' id='word_1_443' title='bbox 1608 2712 1694 2748; x_wconf 82' lang='lat' dir='ltr'>dem</span> 
     </span>
     <span class='ocr_line' id='line_1_73' title="bbox 951 2759 1526 2806; baseline -0.005 -9"><span class='ocrx_word' id='word_1_444' title='bbox 951 2764 1073 2797; x_wconf 87' lang='lat' dir='ltr'>ersten</span> <span class='ocrx_word' id='word_1_445' title='bbox 1098 2772 1161 2797; x_wconf 84' lang='lat' dir='ltr'>seu</span> <span class='ocrx_word' id='word_1_446' title='bbox 1187 2761 1248 2796; x_wconf 90' lang='lat' dir='ltr'>cin</span> <span class='ocrx_word' id='word_1_447' title='bbox 1271 2761 1359 2806; x_wconf 79' lang='lat' dir='ltr'>quia</span> <span class='ocrx_word' id='word_1_448' title='bbox 1384 2759 1526 2794; x_wconf 86' lang='lat' dir='ltr'>st&#39;ande.</span> 
     </span>
    </p>
   </div>
   <div class='ocr_carea' id='block_1_15' title="bbox 950 2817 1693 2959">
    <p class='ocr_par' dir='ltr' id='par_1_24' title="bbox 950 2817 1693 2949">
     <span class='ocr_line' id='line_1_74' title="bbox 997 2817 1693 2866; baseline -0.004 -10"><span class='ocrx_word' id='word_1_449' title='bbox 997 2821 1233 2866; x_wconf 75' lang='lat' dir='ltr'>accusabant]</span> <span class='ocrx_word' id='word_1_450' title='bbox 1261 2823 1280 2861; x_wconf 65' lang='grc' dir='ltr'>ξ</span> <span class='ocrx_word' id='word_1_451' title='bbox 1307 2822 1327 2853; x_wconf 86' lang='grc'>9</span> <span class='ocrx_word' id='word_1_452' title='bbox 1359 2817 1458 2864; x_wconf 84' lang='lat' dir='ltr'>zeigt</span> <span class='ocrx_word' id='word_1_453' title='bbox 1483 2818 1693 2864; x_wconf 83' lang='lat' dir='ltr'>genugend,</span> 
     </span>
     <span class='ocr_line' id='line_1_75' title="bbox 951 2865 1693 2911; baseline -0.001 -9"><span class='ocrx_word' id='word_1_454' title='bbox 951 2867 1024 2902; x_wconf 82' lang='lat' dir='ltr'>dass</span> <span class='ocrx_word' id='word_1_455' title='bbox 1045 2867 1146 2902; x_wconf 78' lang='lat' dir='ltr'>diese</span> <span class='ocrx_word' id='word_1_456' title='bbox 1160 2865 1520 2911; x_wconf 82' lang='lat' dir='ltr'>Anschuldigungen</span> <span class='ocrx_word' id='word_1_457' title='bbox 1545 2865 1693 2901; x_wconf 87' lang='lat' dir='ltr'>unrich·</span> 
     </span>
     <span class='ocr_line' id='line_1_76' title="bbox 950 2912 1693 2959; baseline -0.001 -10"><span class='ocrx_word' id='word_1_458' title='bbox 950 2915 1007 2959; x_wconf 87' lang='lat' dir='ltr'>tig</span> <span class='ocrx_word' id='word_1_459' title='bbox 1027 2914 1115 2949; x_wconf 81' lang='lat' dir='ltr'>oder</span> <span class='ocrx_word' id='word_1_460' title='bbox 1135 2913 1371 2948; x_wconf 66' lang='lat' dir='ltr'>iibcrtrieben</span> <span class='ocrx_word' id='word_1_461' title='bbox 1386 2923 1512 2948; x_wconf 83' lang='lat' dir='ltr'>waren</span> <span class='ocrx_word' id='word_1_462' title='bbox 1535 2913 1612 2948; x_wconf 85' lang='lat' dir='ltr'>und</span> <span class='ocrx_word' id='word_1_463' title='bbox 1632 2912 1693 2948; x_wconf 82' lang='lat' dir='ltr'>die</span> 
     </span>
    </p>
   </div>
  </div>
 </body>
</html>
