1799 3105
105 112 131 131 a.
151 104 217 131 Chr.
236 104 299 130 494.
659 93 805 128 LIBER
829 93 874 128 Π.
927 92 1028 128 ΟΑΡ.
1056 97 1112 128 31.

108 219 196 246 sum
219 206 372 257 ignavia
397 205 572 244 hostium
598 206 638 243 in
665 204 813 243 bonum
839 206 970 257 vertit,
1003 205 1081 257 qui,
1115 205 1347 256 priusquam
1374 203 1421 242 ad
1448 205 1673 243 coniectum

106 265 175 305 teli
199 266 414 317 veniretur,
446 264 711 316 obstupefacti
736 264 897 303 audacia
917 264 1185 303 Romanorum
1209 263 1360 303 relictis
1387 264 1539 316 castris,
1572 276 1672 315 quae

106 326 382 364 munitissimis
414 329 625 363 tenuerant
656 323 769 376 locis,
811 325 851 362 in
884 336 1040 362 aversas
1073 323 1191 362 valles
1224 323 1438 376 desiluere3
1476 323 1546 362 ubi
1578 324 1673 362 satis

106 384 275 437 praedae
307 389 346 423 et
377 385 542 423 victoria
575 385 783 422 incruenta
815 383 900 421 fuit.

225 443 282 483 Ita
325 443 517 483 trifariam
561 455 603 481 re
648 441 751 480 bello
796 442 896 480 bene
934 447 1061 493 gesta,
1106 443 1153 481 de
1193 442 1501 482 domesticarum
1538 455 1673 481 rerum

108 509 251 543 eventu
288 515 362 542 nec
399 502 578 554 patribus
616 514 689 540 nec
726 501 833 553 plebi
872 513 967 540 cura
999 502 1241 541 decesserat:
1279 507 1387 541 tanta
1420 514 1512 541 cum
1549 503 1674 553 gratia

107 569 192 603 tum
224 567 307 602 arte
339 566 669 614 praeparaverant
700 561 979 613 faeneratores,
1012 573 1112 612 quae
1144 573 1223 600 non
1255 562 1372 600 modo
1404 561 1572 613 plebem,
1605 562 1674 600 sed

107 624 238 674 ipsum
270 623 388 661 etiam
419 621 653 660 dictatorem
680 621 980 659 frustrarentur.
1021 632 1191 673 namque
1217 620 1395 660 Valerius
1422 626 1512 673 post
1537 621 1675 660 Vetusi

108 681 281 721 consulis
319 681 491 720 reditum
528 681 704 719 omnium
742 681 943 719 actionum
980 681 1020 719 in
1063 685 1203 719 senatu
1234 682 1402 731 primam
1434 681 1572 720 habuit
1602 693 1675 732 pro

106 743 255 780 victore
287 740 433 792 populo
465 739 710 792 rettulitque,
744 739 838 791 quid
871 739 919 778 de
952 740 1063 778 nexis
1096 740 1183 778 fieri
1213 739 1400 791 placeret.
1451 752 1551 792 quae
1585 753 1674 779 cum

106 802 253 840 reiecta
284 800 423 839 relatio
455 804 573 852 esset,
603 812 707 851 „non
740 796 902 850 11111660α
932 800 1062 850 inquit
1091 799 1353 852 „concordiae
1386 805 1535 852 auctor,
1568 806 1675 851 opta-

106 860 217 912 bitis,
257 859 548 911 mediusfidius,
586 859 834 911 propediem,
872 863 917 898 ut
948 860 1025 897 mei
1058 858 1206 898 similes
1238 859 1412 898 Romana
1443 859 1579 910 plebes
1611 872 1675 910 pa-

106 926 244 959 tronos
282 919 435 959 habeat.
497 919 602 970 quod
641 918 688 957 ad
727 931 788 957 me
822 920 980 970 attinet,
1017 930 1147 970 neque
1180 919 1403 958 frustrabor
1435 918 1538 957 ultra
1571 920 1676 958 cives

107 992 216 1019 meos
249 991 378 1031 neque
411 981 495 1030 ipse
528 978 676 1017 frustra
709 979 879 1018 dictator
905 990 984 1017 ero.
1028 978 1250 1018 discordiae
1275 980 1498 1030 intestinae,
1530 978 1677 1017 bellum

108 1044 318 1078 externum
355 1039 503 1091 fecere,
541 1042 586 1076 ut
616 1038 692 1077 hoc
723 1039 957 1089 magistratu
990 1043 1125 1089 egeret
1156 1050 1221 1077 res
1252 1038 1429 1091 publica;
1473 1051 1548 1089 pax
1580 1038 1677 1077 foris

108 1104 219 1151 parta
252 1103 330 1150 est,
369 1098 475 1137 domi
506 1098 726 1148 inpeditur:
763 1099 941 1149 privatus
972 1098 1106 1149 potius
1139 1110 1256 1150 quam
1290 1098 1460 1137 dictator
1491 1097 1678 1137 seditioni

108 1155 322 1198 intererof‘
364 1159 417 1196 ita
449 1158 559 1196 curia
592 1170 777 1208 egressus
810 1158 1004 1196 dictatura
1032 1169 1073 1196 se
1100 1157 1306 1196 abdicavit.
1350 1159 1534 1209 apparuit
1560 1170 1677 1196 causa

109 1217 227 1270 plebi,
260 1230 371 1256 suam
402 1219 529 1256 vicem
559 1217 830 1268 indignantem
862 1218 1095 1268 magistratu
1122 1217 1268 1256 abisse:
1300 1218 1433 1268 itaque
1459 1217 1567 1256 velut
1591 1229 1678 1268 per-

111 1277 238 1316 soluta
269 1277 357 1330 fide,
390 1277 577 1328 quoniam
609 1288 680 1327 per
712 1289 803 1315 eum
834 1289 914 1315 non
947 1277 1135 1328 stetisset,
1168 1278 1264 1328 quin
1295 1282 1578 1328 praestaretur,
1614 1277 1678 1315 de-

111 1337 316 1376 cedentem
348 1337 508 1375 domum
541 1348 633 1375 cum
664 1336 794 1375 favore
828 1349 872 1375 ac
904 1335 1088 1375 laudibus
1120 1337 1325 1387 prosecuti
1356 1341 1459 1375 sunt.

110 1452 236 1488 straet.
264 1451 377 1496 (wie
367 1463 419 1486 1111
443 1451 607 1496 Grieeh.)
634 1463 660 1486 s
682 1463 728 1485 zu
750 1455 781 1495 1,
800 1454 858 1494 53,

111 1504 142 1535 1
170 1520 213 1525 -—
240 1500 414 1545 iynavia.
430 1500 572 1543 vertit,
599 1480 787 1534 entwedei·
811 1499 861 1534 ist

110 1548 185 1593 iyn
206 1546 426 1583 Nominativ
451 1546 528 1582 und
552 1547 661 1582 vertit
686 1546 860 1582 transitiv

109 1595 334 1640 gebraucht,
368 1594 456 1630 oder
486 1595 561 1639 ἐφη.
598 1594 649 1629 ist
673 1594 756 1629 Abl.
783 1594 861 1629 und

109 1643 217 1678 vertit
240 1642 456 1678 intransitiv
476 1642 658 1686 (‘wandte
679 1642 803 1687 sich’),
830 1653 858 1677 s.

112 1702 158 1725 zu
184 1694 216 1730 1,
243 1693 298 1733 53,
326 1694 358 1725 6.
386 1694 418 1734 2,
445 1693 478 1734 8,
506 1694 543 1732 13
571 1693 628 1733 27,
655 1693 687 1733 9,
714 1689 774 1724 6111
799 1690 861 1725 bei

112 1737 152 1772 L.
181 1737 266 1772 sehr
292 1737 459 1782 hiiufiger
485 1735 692 1772 Gebrauch.
714 1758 757 1761 —
784 1737 859 1779 teli,

112 1784 298 1820 collectiv.
326 1805 370 1810 —-
397 1785 446 1819 ad
474 1785 567 1820 corii.
595 1788 619 1820 t.
646 1785 766 1819 venire
793 1784 858 1827 ‘in,

113 1832 180 1867 auf
205 1831 452 1867 Schussweite
479 1832 681 1867 kommen’.
711 1836 744 1874 7,
766 1836 858 1875 26,9

112 1880 327 1923 multitudo,
353 1881 574 1925 priusquam
605 1880 655 1915 ad
680 1880 771 1915 corii.
798 1880 861 1915 teli

112 1927 267 1970 veniret,
291 1931 394 1973 terya
418 1928 534 1962 vertit.
571 1931 629 1971 26,
655 1931 688 1971 4,
716 1931 736 1962 7
763 1928 812 1962 ad
831 1938 859 1963 c.

113 1978 137 2010 t.
163 1978 308 2010 ventum
332 1978 391 2010 est.
442 1975 548 2010 Auch
581 1976 630 2010 ad
662 1976 775 2010 ictum
800 1975 861 2010 teli

113 2023 234 2058 venire
259 2027 315 2065 26,
342 2026 400 2067 40,
429 2026 482 2059 10.
526 2023 593 2058 sub
618 2023 732 2058 ictum
757 2026 782 2058 t.
806 2033 862 2057 ve-

112 2071 194 2106 nire
218 2074 281 2113 27,
315 2073 375 2115 18,
403 2074 459 2107 11.
509 2070 594 2116 Vgl.
621 2073 661 2114 8,
689 2074 727 2114 7,
755 2074 772 2104 1
801 2071 864 2106 teli

113 2119 216 2154 iactu
235 2117 376 2163 ((6111611
389 2117 649 2163 Pseilschuss')
672 2118 800 2154 abesse.
818 2139 861 2143 —-

114 2166 288 2211 obstupef.
326 2166 432 2209 aud„
470 2178 495 2201 s,
531 2178 577 2200 zu
608 2177 637 2201 c.
669 2170 730 2210 10,
757 2169 789 2201 5.
817 2187 860 2191 —

115 2224 259 2249 aversas
294 2214 423 2256 valles,
465 2213 526 2248 die
562 2213 701 2249 Thaler
738 2213 863 2249 hinter

115 2261 188 2296 den
211 2261 366 2306 Bergen.
391 2281 435 2286 -—
461 2261 539 2304 ubi,
564 2262 616 2296 im
641 2261 762 2306 Lager
786 2261 862 2296 und

114 2308 154 2343 111
180 2308 253 2343 den
276 2309 398 2344 valles.

165 2359 200 2390 7.
249 2355 395 2398 decess,
431 2355 501 2390 mit
537 2356 651 2391 Dativ
695 2357 760 2391 des
804 2357 862 2391 In-

117 2404 297 2447 teresses,
340 2402 411 2437 wie
455 2407 494 2447 9,
539 2407 602 2444 29,
649 2408 669 2438 2
719 2405 860 2449 priusq.

117 2461 160 2485 ea
185 2461 275 2486 cura
300 2451 478 2485 decederet
490 2451 675 2494 patribus.
713 2453 783 2495 (33,
804 2456 862 2494 31,

119 2502 161 2533 11
189 2498 301 2533 donec
325 2508 417 2533 cura
441 2498 484 2533 de
499 2498 680 2533 Antiocho
699 2499 862 2534 decessis-

115 2547 193 2590 set.)
232 2548 288 2591 28,
315 2549 371 2588 41,
398 2549 418 2580 9
445 2545 550 2580 nobis
574 2546 720 2580 decedat
744 2547 862 2581 timor.

119 2597 177 2637 23,
202 2597 260 2638 26,
287 2597 308 2628 8
335 2593 481 2628 decessit
506 2593 641 2628 animis
660 2604 791 2637 pavor.
819 2614 863 2618 —

117 2643 234 2681 tanta,
263 2640 402 2675 ‘denn
426 2641 496 2676 mit
521 2640 665 2676 solcher
686 2670 692 2676 .
710 2641 747 2684 .’,
775 2652 801 2676 s.
821 2653 866 2675 zu

118 2689 206 2723 adeo
235 2688 352 2734 praef.
388 2693 451 2732 11,
489 2688 566 2733 vgl.
600 2699 630 2723 6.
665 2692 727 2732 27,
760 2692 792 2722 3.
820 2708 864 2714 -

118 2736 253 2780 qratia,
271 2735 442 2771 Einfluss.
455 2757 499 2761 —
515 2739 604 2779 arte,
623 2735 864 2780 Kunstgriffe,

120 2782 348 2819 Schlauheit.

167 2833 199 2865 8.
227 2832 423 2874 actionum,
442 2830 769 2875 Verhandlungen.
799 2830 863 2865 Et-

119 2887 196 2912 was
221 2877 274 2912 im
300 2878 434 2914 Senate
459 2880 659 2924 vortragen
684 2878 785 2913 hiess
811 2889 863 2913 re-

932 1452 1027 1495 ferre
1057 1452 1106 1487 ad
1129 1462 1157 1487 s.
1201 1451 1273 1486 Mit
1297 1451 1362 1486 der
1386 1451 1534 1487 Formel
1558 1452 1606 1486 de
1632 1462 1680 1486 ea

933 1511 977 1534 re
1001 1499 1110 1544 quid
1133 1499 1249 1542 fieri
1270 1500 1424 1544 placet
1448 1499 1590 1534 fordert
1616 1499 1681 1534 der

932 1546 1177 1582 Vorsitzende
1197 1547 1257 1582 die
1272 1547 1480 1582 Senatoren
1499 1547 1574 1591 auf,
1599 1546 1680 1581 ihre

932 1593 1112 1640 Meinung
1136 1607 1180 1629 zu
1205 1597 1359 1630 {iussern
1377 1595 1606 1637 (sententiam
1624 1595 1680 1630 di-

933 1646 1035 1687 cere),
1062 1654 1088 1677 s,
1115 1646 1148 1685 8,
1175 1645 1232 1686 20,
1260 1646 1325 1687 11,
1351 1643 1426 1687 vgl.
1454 1646 1487 1687 9,
1514 1646 1547 1685 8,
1574 1646 1606 1677 2.
1649 1646 1681 1686 1,

933 1693 991 1732 32,
1019 1694 1073 1724 12.
1120 1688 1207 1725 Sall.
1235 1689 1314 1726 Cat.
1343 1694 1400 1734 50,
1426 1694 1459 1724 3.
1499 1690 1572 1725 Cic.
1601 1689 1679 1725 Cat.

932 1741 965 1781 3,
993 1741 1025 1781 6,
1054 1741 1108 1772 17.

980 1788 1012 1819 9.
1038 1785 1140 1820 relat.
1156 1785 1298 1828 reicere,
1323 1785 1388 1820 das
1408 1784 1602 1830 Eingehen
1616 1784 1686 1820 auf

933 1832 992 1867 die
1018 1832 1288 1878 Verhandlung
1316 1832 1382 1868 der
1408 1832 1527 1868 Sache
1553 1833 1680 1868 11111611-

932 1891 1016 1917 11611,
1060 1879 1266 1925 (Ungefahr
1292 1897 1336 1909 =
1361 1891 1532 1915 unserem
1557 1880 1681 1925 parla-

932 1926 1209 1963 mentarischen
1224 1928 1442 1963 Ausdruck:
1472 1928 1579 1963 ‘iiber
1597 1927 1680 1963 eine

936 1975 1066 2018 Sache,
1094 1975 1202 2010 einen
1227 1976 1373 2021 Antrag
1398 1987 1461 2010 zur
1474 1975 1681 2021 Tagesord-

934 2034 1040 2068 nung
1063 2023 1298 2068 fibergehen'
1329 2024 1418 2058 oder
1445 2023 1521 2058 ‘die
1546 2023 1681 2068 Dring-

935 2070 1094 2106 lichkeit
1107 2071 1351 2116 verneinen’.)
1366 2071 1490 2106 Ueber
1502 2071 1574 2106 den
1588 2070 1679 2105 Aus-

936 2118 1054 2153 druck
1084 2119 1215 2154 reicere
1247 2119 1332 2164 aliq.
1360 2119 1409 2154 ad
1435 2119 1540 2164 aliq„
1566 2120 1682 2154 etwas

936 2177 983 2201 an
1016 2166 1098 2201 eine
1131 2166 1268 2201 andere
1293 2167 1441 2201 Instanz
1466 2166 1682 2210 verweisen,

936 2226 962 2249 s.
990 2226 1033 2248 zu
1059 2224 1089 2249 6.
1116 2218 1173 2256 22,
1200 2217 1232 2249 5.
1260 2235 1305 2239 -
1331 2225 1406 2249 nori
1432 2215 1577 2258 placeo,
1606 2213 1682 2249 (1611

935 2261 1031 2297 habe
1046 2261 1168 2297 Euren
1182 2261 1317 2297 Beifall
1330 2261 1449 2297 nicht’
1467 2261 1556 2307 (vgl.
1571 2272 1683 2296 unser

937 2309 1020 2344 ‘ein
1052 2309 1426 2345 Misstrauensvotum
1461 2309 1681 2352 erhalten'),

934 2357 1009 2402 vgl.
1036 2360 1093 2400 40,
1121 2361 1183 2401 46,
1210 2361 1232 2391 4
1264 2358 1361 2403 quod
1385 2358 1553 2392 omnibus
1576 2357 1683 2392 nobis

935 2405 1070 2449 eyreqie
1090 2405 1254 2449 placetis

987 2457 1040 2487 10.
1067 2453 1271 2487 discordiae
1295 2453 1376 2495 int„
1402 2464 1428 2487 s.
1456 2464 1500 2486 zu
1520 2463 1549 2487 c.
1573 2455 1627 2495 18,
1648 2455 1681 2487 4.

937 2520 981 2524 --
1004 2500 1100 2543 priv.
1127 2501 1197 2535 sed.
1224 2501 1399 2542 interero,
1432 2499 1523 2534 kurz
1549 2500 1684 2544 gesagt

935 2546 1013 2581 fiir:
1040 2557 1147 2581 wenn
1162 2547 1220 2582 die
1234 2548 1364 2582 seditio
1386 2547 1498 2591 (denn
1516 2559 1561 2580 zu
1581 2546 1683 2581 einer

938 2594 1089 2628 solchen
1114 2593 1207 2628 wird
1232 2595 1307 2629 und
1332 2606 1433 2629 muss
1461 2605 1499 2629 es
1524 2592 1587 2628 bei
1610 2593 1684 2628 Eu—

937 2652 1017 2676 rem
1054 2641 1259 2676 Verbalten
1295 2642 1486 2684 kommen)
1525 2640 1682 2684 eintritt,

937 2687 1017 2722 will
1040 2688 1102 2723 ich
1128 2688 1245 2724 lieber
1272 2717 1278 2724 .
1306 2717 1312 2724 .
1342 2718 1348 2725 .
1376 2689 1464 2724 sein.
1492 2709 1537 2714 —
1561 2689 1628 2732 ita,
1654 2701 1681 2724 s.

937 2748 981 2770 zu
1009 2747 1037 2770 c.
1067 2740 1122 2779 10,
1150 2740 1204 2772 11.

987 2787 1040 2818 11.
1087 2794 1192 2818 suam
1216 2785 1285 2819 vic.
1310 2784 1467 2829 indiqu„
1491 2794 1596 2819 suam
1619 2785 1682 2827 (=

933 2831 1065 2875 plebis)
1088 2832 1174 2873 via,
1199 2832 1439 2877 ihretwegen,
1465 2843 1490 2867 s.
1518 2844 1564 2866 zu
1591 2835 1621 2876 1,
1649 2835 1682 2873 9,

939 2882 992 2913 15.
1044 2882 1107 2923 40,
1141 2883 1202 2923 23,
1237 2884 1254 2914 1
1289 2879 1365 2924 (bei
1398 2878 1471 2915 Cic.
1510 2891 1579 2914 nur
1613 2879 1684 2913 mit,

1704 927 1750 959 10

1706 1167 1748 1197 11
