1799 3105
53 99 80 118 a.
102 91 168 117 Chr.
189 98 218 116 n.
237 91 298 117 447.
318 90 379 116 446.

577 79 721 115 LIBER
745 79 807 116 III.
850 78 952 114 CAP.
982 83 1036 116 66.
1064 84 1120 116 67.

1534 83 1617 124 109

54 190 307 245 Esquilinae
352 202 568 230 accessere
611 188 902 230 vastationem
946 202 1147 244 agrorum
1191 203 1268 243 per
1311 191 1616 233 contumeliam

55 250 153 291 urbi
179 250 454 291 ostentantes.
498 248 608 289 unde
631 251 860 303 postquam
880 248 1007 290 inulti
1026 248 1230 303 praedam
1248 263 1350 303 prae
1372 264 1416 291 se
1437 253 1614 305 agentes
1646 271 1666 301 6

53 311 170 350 retro
203 307 256 349 ad
290 306 546 349 Corbionem
581 307 750 363 agmine
782 308 887 361 iere,
926 306 1153 356 Quinctius
1186 308 1336 350 consul
1367 309 1419 350 ad
1453 311 1616 352 contio·

55 382 155 410 nem
186 367 394 422 populum
427 367 608 408 vocavit.

171 425 239 468 Ibi
270 426 316 467 in
347 426 457 467 hanc
489 426 748 467 sententiam
780 425 972 468 locutum
1005 427 1186 481 accipio:
1228 426 1339 469 ‘Etsi
1378 427 1486 469 mihi
1523 429 1689 480 nul-67

53 486 136 527 lius
169 500 306 527 noxae
339 485 553 539 conscius,
586 484 790 537 Quirites,
824 499 935 539 sum,
964 487 1109 527 tamen
1136 500 1233 527 cum
1258 486 1421 541 pudore
1450 502 1617 530 summo

53 545 100 586 in
133 546 408 599 conspectum
440 546 629 586 vestrum
667 544 868 598 processi.
919 544 1000 586 hoc
1031 559 1108 586 vos
1150 546 1277 599 scire,
1316 546 1397 588 hoc
1435 548 1620 601 posteris

54 605 286 646 memoriae
316 604 525 645 traditum
556 603 628 657 iri,
660 605 834 657 Aequos
865 605 908 644 et
927 602 1130 657 Volscos,
1162 605 1234 645 vix
1267 604 1467 648 Hernicis
1495 606 1621 648 modo

55 678 199 719 pares,
249 663 296 704 T.
330 662 529 712 Quinctio
569 665 772 716 quartum
813 662 984 704 consule
1018 663 1070 704 ad
1103 664 1274 705 moenia
1306 665 1424 706 urbis
1457 665 1621 708 Romae

53 723 228 777 impune
249 724 436 763 armatos
464 721 648 763 venisse!
680 721 791 763 hanc
817 735 897 777 ego
924 723 1220 777 ignominiam,
1252 738 1511 779 quamquam
1537 725 1624 767 iam
1652 735 1672 766 2

55 782 129 823 diu
166 782 229 823 ita
271 781 450 836 vivitur,
493 782 529 822 is
575 783 714 822 status
759 795 903 822 rerum
942 784 1025 836 est,
1070 784 1118 823 ut
1162 782 1270 823 nihil
1315 783 1417 824 boni
1463 784 1626 826 divinet

55 841 237 896 animus,
270 841 306 882 si
331 840 432 882 huic
463 840 738 894 potissimum
769 840 993 882 imminere
1026 856 1138 883 anno
1172 841 1368 895 scissem,
1398 843 1465 884 vel
1500 845 1625 886 exilio

60 901 126 942 vel
157 902 314 951 morte,
354 899 389 941 si
421 900 508 941 alia
542 898 647 955 fuga
678 899 855 957 honoris
886 914 975 942 non
1008 903 1140 955 esset,
1171 901 1391 943 vitassem.

1454 917 1556 958 ergo
1590 904 1625 945 si
1653 914 1673 945 3

60 960 140 1001 viri
171 974 292 1001 arma
322 959 399 1000 illa
430 959 700 1012 habuissent,
744 953 852 1014 qnae
890 959 936 1000 in
967 960 1105 1014 portis
1145 960 1264 1002 fuere
1303 962 1484 1017 nostris,
1532 963 1627 1017 capi

60 1019 198 1060 Roma
230 1033 297 1060 me
330 1019 504 1060 consule
529 1019 692 1072 potuit!
732 1018 837 1060 satis
870 1018 1095 1074 honorum,
1129 1020 1235 1061 satis
1269 1035 1479 1076 superque
1513 1022 1626 1064 vitae

60 1081 171 1133 erat3
197 1078 306 1120 mori
327 1078 548 1120 consulem
574 1078 751 1119 tertium
779 1078 981 1132 oportuit.
1021 1094 1146 1134 quem
1166 1079 1341 1121 tandem
1360 1081 1627 1136 ignavissimi
1655 1092 1676 1122 4

60 1137 254 1179 hostium
280 1137 604 1191 contempsere?
635 1151 715 1179 nos
748 1138 943 1180 consules
977 1152 1031 1179 an
1064 1152 1152 1192 vos,
1184 1138 1403 1188 Quirites?
1438 1140 1474 1182 si
1501 1143 1629 1196 culpa

61 1197 106 1238 in
136 1196 262 1238 nobis
295 1199 379 1251 est,
417 1196 578 1238 auferte
617 1197 844 1251 imperium
877 1197 1067 1253 indignis
1100 1200 1161 1249 et,
1207 1198 1243 1239 si
1281 1198 1324 1239 id
1362 1214 1514 1253 parum
1556 1203 1632 1255 est,

62 1256 237 1310 insuper
269 1270 431 1311 poenas
464 1256 669 1311 expetite3
702 1256 738 1297 si
770 1256 814 1298 in
846 1257 985 1311 vobis,
1018 1271 1144 1299 nemo
1177 1257 1354 1299 deorum
1384 1273 1461 1301 nec
1493 1259 1630 1301 homi·
1659 1271 1679 1302 5

62 1330 167 1357 num
200 1315 276 1370 sit,
308 1315 381 1370 qui
413 1317 556 1357 vestra
587 1315 740 1370 puniat
770 1318 964 1370 peccata,
1005 1315 1211 1371 Quirites3
1256 1321 1425 1360 vosmet
1462 1321 1632 1361 tantum

62 1389 210 1417 eorum
242 1375 472 1429 paeniteat.
523 1389 611 1417 non
647 1375 712 1416 illi
743 1377 932 1416 vestram
972 1376 1191 1431 ignaviam
1224 1379 1520 1432 contempsere
1552 1393 1630 1421 nec

65 1448 167 1476 suae
201 1433 350 1475 virtuti
382 1434 534 1476 confisi
567 1436 687 1475 sunt:
720 1434 877 1489 quippe
903 1435 1063 1477 totiens
1096 1435 1181 1477 fusi
1213 1435 1450 1492 fugatique,
1477 1439 1631 1480 castris

63 1493 200 1547 exuti,
244 1506 350 1548 agro
392 1493 583 1547 multati,
628 1493 706 1535 sub
751 1494 901 1549 iugum
939 1494 1061 1536 missi
1106 1498 1148 1536 et
1187 1509 1231 1537 se
1271 1498 1313 1537 et
1353 1511 1430 1539 vos
1462 1512 1631 1541 novere.

62 1551 274 1595 discordia
306 1552 506 1594 ordinum
538 1556 603 1594 est
634 1567 844 1595 venenum
875 1554 993 1596 urbis
1025 1554 1172 1607 huius3
1209 1557 1381 1609 patrum
1408 1571 1456 1598 ac
1488 1557 1628 1612 plebis
1658 1569 1677 1600 6

62 1612 317 1666 certamina,
361 1611 461 1653 dum
505 1626 585 1654 nec
626 1613 751 1654 nobis
796 1613 965 1667 imperii
1008 1628 1088 1656 nec
1133 1614 1257 1656 vobis
1302 1614 1518 1658 libertatis
1567 1620 1632 1658 est

63 1671 232 1726 modus,
264 1671 364 1712 dum
396 1671 543 1713 taedet
574 1686 650 1713 vos
677 1672 972 1727 patriciorum,
1000 1687 1080 1715 nos
1105 1674 1374 1727 plebeiorum
1400 1676 1630 1731 magistra-

63 1733 196 1784 tuum,
223 1730 435 1772 sustulere
456 1731 543 1772 illis
565 1731 743 1773 animos.
789 1746 867 1786 pro
895 1731 1020 1773 deum
1045 1732 1184 1784 fidem,
1206 1732 1307 1787 quid
1328 1734 1449 1776 vobis
1469 1736 1599 1777 vultis
1615 1735 1636 1777 ἶ)
1662 1754 1680 1784 7

113 1870 176 1905 67.
206 1873 236 1904 1.
268 1869 425 1916 accipio]
460 1870 595 1905 ebenso
628 1869 720 1915 Kap.
755 1875 810 1915 71,

69 1921 125 1959 14,
151 1917 322 1962 dagegen
341 1917 545 1962 accepimus
559 1921 614 1961 39,
630 1922 646 1952 1
662 1930 697 1953 n.
710 1922 766 1962 69,
778 1923 810 1954 8.

115 1965 181 2000 hoc
210 1975 271 2000 vos
307 1964 416 2011 scire]
455 1965 540 2000 Ace.
576 1976 605 2000 c.
644 1966 711 2000 Inf.
757 1967 811 2001 als

66 2011 207 2047 Ausruf
241 2012 305 2047 des
342 2011 568 2055 Unwillens,
601 2013 670 2048 mit
704 2012 808 2048 ‘dass’

64 2059 370 2104 wiederzugeben
385 2060 494 2104 (Kap.
505 2063 560 2103 72,
576 2064 608 2104 33
622 2061 659 2104 9,
677 2064 811 2104 11,12).

114 2111 146 2141 2.
172 2107 208 2142 si
230 2108 309 2142 alia
333 2108 424 2152 fuya
449 2107 596 2143 honoris
614 2119 688 2143 lnon
708 2109 811 2155 esset]
843 2117 845 2121 ’

68 2172 112 2184 =
132 2155 166 2190 si
198 2155 305 2190 aliter
335 2156 416 2198 sieri
446 2165 521 2190 non
547 2156 742 2200 potuisset,
775 2161 817 2192 ut

68 2203 297 2238 consulatum
321 2203 491 2247 fugerem.

117 2253 150 2285 3.
177 2260 258 2295 erqo
287 2249 383 2284 ‘also
403 2249 589 2284 wirklich’
618 2251 816 2286 Ausdruck

70 2296 136 2332 des
152 2297 493 2332 Seelenschmerzes
507 2297 591 2341 (wie
599 2297 686 2333 Hor.
703 2309 814 2334 carm.

73 2344 93 2379 1
133 2347 190 2386 24,
217 2347 264 2378 5.

99 2371 205 2426 ²satis
218 2344 394 2435 superque
410 2391 522 2437 vitae]
538 2409 581 2420 =
595 2393 687 2428 satis
705 2395 814 2438 vitae,

65 2439 151 2485 plus
176 2449 286 2483 quam
309 2439 411 2473 satis.

116 2485 225 2531 mori]
253 2484 331 2520 scil.
357 2495 422 2529 me,
448 2485 609 2521 welches
634 2486 741 2531 fehlt,
767 2489 816 2523 da

71 2533 132 2568 die
157 2532 294 2568 Person
321 2533 436 2567 durch
462 2534 640 2568 consulem
669 2536 815 2570 tertium

70 2580 281 2626 (Adverbl)
332 2580 531 2625 genfigend
585 2582 814 2626 angedeutet

68 2628 173 2663 wird.

119 2680 152 2710 4.
178 2675 422 2721 ignavissimi]
450 2675 681 2711 rhetorische
697 2667 811 2712 Uber-

69 2723 258 2768 treibung,
285 2725 421 2758 ebenso
454 2723 596 2765 auferte
625 2724 817 2769 imperium

71 2771 248 2815 indiynis.

118 2828 252 2862 poenas
294 2817 462 2863 expetite]
510 2817 683 2852 ‘bestraft
720 2819 816 2853 uns’.

74 2863 258 2910 Erganze:
303 2865 430 2910 culpae
466 2868 611 2900 nostrae
647 2877 669 2900 a
702 2867 817 2901 nobis.

884 1871 967 1917 VgL
995 1871 1056 1915 28,
1085 1876 1147 1916 19,
1177 1876 1196 1907 7
1233 1873 1278 1908 ab
1312 1874 1369 1909 liis
1390 1875 1571 1919 perfidiae
1602 1880 1635 1912 et

884 1920 1112 1954 crudelitatis
1136 1923 1169 1955 et
1193 1922 1335 1956 sceleris
1356 1933 1494 1967 poenas
1528 1934 1633 1968 eaepe·

884 1968 1012 2002 tendas
1036 1978 1117 2003 esse.

933 2018 965 2049 5.
1003 2015 1068 2049 sub
1101 2015 1228 2060 iuyum
1259 2016 1375 2061 missi]
1417 2016 1501 2061 Vgl.
1538 2016 1633 2063 Kap.

887 2065 948 2105 28,
978 2066 1031 2098 11.

935 2114 965 2145 6.
998 2110 1188 2156 venenum]
1232 2110 1312 2145 ‘der
1344 2110 1528 2154 Giftstoff,
1572 2112 1636 2148 das

890 2156 1138 2200 Verderben'3
1165 2157 1200 2201 2,
1227 2161 1286 2201 44,
1313 2162 1333 2194 8
1360 2171 1394 2194 u.
1422 2162 1477 2202 52,
1507 2164 1539 2194 2.

937 2205 1039 2240 urbis
1058 2205 1183 2252 huius]
1212 2206 1348 2241 ebenso
1370 2206 1403 2248 l,
1427 2210 1481 2250 16,
1501 2211 1540 2242 6:
1563 2207 1635 2243 Ro-

887 2252 1026 2295 mulus,
1045 2264 1184 2297 parens
1209 2254 1312 2289 urbis
1336 2254 1456 2289 huius.

936 2301 1023 2335 dum
1037 2329 1043 2335 .
1055 2329 1062 2335 .
1073 2327 1080 2334 .
1091 2300 1195 2347 dum]
1205 2300 1448 2347 Verbindung
1457 2313 1528 2337 von
1537 2302 1635 2337 Ana-

887 2347 1009 2391 phora
1032 2348 1108 2382 und
1135 2347 1329 2383 Chiasmus
1348 2349 1388 2384 in
1408 2349 1480 2384 den
1500 2350 1636 2385 beiden

889 2393 1075 2430 Gliedern.

935 2453 1000 2477 ‘nec
1024 2443 1124 2477 vobis
1149 2443 1327 2478 libertatis
1351 2447 1401 2479 est
1424 2444 1566 2491 modus]
1597 2445 1634 2479 in

890 2492 933 2531 ἐξ
961 2493 1051 2524 7-9
1079 2489 1231 2525 erklart.

935 2537 1110 2572 sustulere
1134 2538 1211 2571 illis
1231 2538 1387 2584 animos]
1409 2538 1492 2583 Vgl.
1510 2539 1545 2583 7,
1568 2542 1600 2581 7,
1616 2543 1636 2574 3

887 2584 1047 2618 dictator
1072 2584 1245 2620 laudibus
1267 2586 1379 2630 leyati
1396 2587 1633 2631 militumque,

885 2641 1038 2675 quorum
1056 2632 1190 2666 virtute
1210 2635 1331 2667 eastra
1349 2633 1497 2675 defensa
1521 2638 1638 2678 erant,

892 2678 1127 2713 audientibus
1175 2680 1300 2714 laudes
1351 2681 1500 2715 meritas
1536 2682 1632 2717 tollit

896 2726 1055 2767 animos,·
1082 2726 1185 2760 sonst
1206 2728 1346 2762 animos
1364 2728 1482 2770 faeere
1500 2728 1618 2764 alicui
1622 2743 1635 2771 ;

892 2772 1024 2807 anders
1050 2772 1142 2818 Kap.
1171 2777 1226 2816 65,
1254 2778 1285 2808 6.

941 2824 971 2854 7.
996 2831 1065 2865 pro
1090 2821 1195 2855 deum
1217 2822 1337 2867 fidem]
1360 2833 1431 2867 pro
1449 2823 1500 2857 ist
1520 2824 1634 2859 Inter-

888 2866 1034 2912 jektion
1062 2867 1136 2911 (22,
1159 2872 1213 2911 14,
1235 2873 1254 2903 6
1281 2872 1435 2913 tantum,
1457 2873 1547 2916 pro!
1575 2872 1632 2906 de-
