1799 3105
131 134 182 174 ῖς
672 132 809 167 11111111
836 133 897 168 IV.
925 132 1024 168 CAP.
1051 137 1106 168 45.
1129 137 1182 167 46.
1507 148 1688 175 messe.

129 239 271 281 subito
304 240 416 282 inter
448 242 643 282 tribunos
678 244 891 296 exortum,
924 255 968 283 se
1002 242 1181 297 quisque
1219 242 1321 284 belli
1363 243 1511 286 ducem
1550 243 1690 298 potio-

127 314 214 340 rem
257 299 383 353 ferre,
422 314 565 341 curam
605 300 721 342 urbis
761 303 806 342 ut
846 302 1059 356 ingratam
1099 301 1419 356 ignobilemque
1457 303 1689 358 aspernari.

80 370 99 400 s
126 372 218 399 cum
254 374 403 412 parum
438 359 636 401 decorum
668 360 779 401 inter
811 360 997 415 collegas
1031 363 1246 402 certamen
1274 361 1517 403 mirabundi
1543 365 1688 417 patres

127 418 439 472 conspicerent,
471 418 517 467 Q.
552 417 757 460 Servilius
785 417 978 473 ‘quando
1017 433 1094 461 nec
1133 419 1295 461 ordinis
1326 419 1454 462 huius
1486 421 1595 463 ulla'
1625 421 1688 463 in-

127 477 218 531 quit
246 473 345 518 ‘nec
379 478 438 519 rei
480 477 676 532 publicae
715 482 781 520 est
818 478 1090 533 verecundia,
1130 478 1271 532 patria
1316 479 1520 521 maiestas
1562 480 1689 523 alter-

126 536 337 577 cationem
371 536 499 577 istam
534 537 723 592 dirimet,
749 537 863 578 filius
891 552 1009 578 meus
1038 541 1157 579 extra
1184 540 1343 579 sortem
1371 538 1465 580 urbi
1491 539 1689 594 praeerit.

125 594 285 636 bellum
341 596 526 651 utinam,
577 597 650 651 qui
702 596 927 651 adpetunt,
979 597 1288 638 consideratius
1340 598 1692 655 concordiusque,

125 668 252 708 quam
287 654 482 710 cupiunt,
514 651 691 710 gerant’.

52 711 108 751 46
242 712 459 755 Dilectum
485 714 634 756 haberi
660 729 746 756 non
767 730 816 756 ex
843 718 937 756 toto
965 715 1124 770 passim
1151 715 1310 770 populo
1337 716 1516 772 placuit,
1542 717 1687 759 decem

123 772 262 814 tribus
297 776 410 814 sorte
445 772 597 814 due-tae
630 777 741 815 sunt.
804 788 852 815 ex
886 774 938 815 iis
972 775 1154 828 scriptos
1187 775 1375 817 iuniores
1408 775 1490 817 duo
1523 776 1687 818 tribuni

77 839 96 868 ‘2
125 832 174 873 ad
209 832 369 874 bellum
403 832 570 873 duxere.
633 836 786 887 coepta
817 833 931 875 inter
963 848 1034 874 eos
1066 834 1110 874 in
1143 834 1246 874 urbe
1292 835 1525 876 certamina
1569 835 1685 890 cupi-

123 891 258 933 ditate
292 891 439 932 eadem
470 891 640 946 imperii
673 893 809 934 multo
843 893 1077 951 impensius
1110 893 1151 934 in
1185 893 1336 934 castris
1364 894 1551 949 accendi,
1575 894 1687 937 nihil

123 952 282 993 sentire
327 950 458 1004 idem,
502 965 578 1005 pro
625 952 840 993 sententia
883 966 1091 1007 pugnare,
1124 966 1202 993 sua
1239 952 1418 994 consilia
1448 953 1577 1009 velle,
1609 968 1687 996 sua

74 1017 93 1045 3
122 1010 301 1065 imperia
334 1010 426 1051 sola
457 1013 552 1051 rata
585 1025 696 1064 esse,
728 1015 1000 1053 contemnere
1031 1012 1074 1052 in
1107 1012 1241 1053 vicem
1275 1013 1319 1053 et
1350 1012 1582 1068 contemni,
1615 1013 1686 1055 do-

121 1084 196 1111 nec
229 1069 540 1124 castigantibus
574 1070 730 1125 legatis
762 1071 933 1111 tandem
966 1071 1027 1112 ita
1053 1073 1348 1126 comparatum
1376 1074 1458 1126 est,
1484 1073 1534 1113 ut
1558 1071 1686 1114 alter-

73 1136 94 1165 4
121 1129 185 1169 nis
226 1128 375 1170 diebus
416 1143 626 1170 summam
667 1129 836 1184 imperii
875 1129 1096 1171 haberent.
1158 1144 1266 1184 quae
1300 1144 1395 1171 cum
1429 1130 1563 1172 allata
1600 1131 1684 1173 Ro-

121 1202 234 1229 mam
270 1191 429 1242 essent,
463 1188 618 1229 dicitur
651 1188 698 1237 Q.
725 1189 948 1244 Servilius,
976 1192 1118 1231 aetate
1152 1192 1195 1230 et
1225 1203 1306 1230 usu
1339 1189 1507 1245 doctus,
1539 1204 1684 1246 preca-

121 1252 190 1288 tus
224 1247 277 1288 ab
312 1247 376 1288 dis
416 1247 755 1303 immortalibus,
786 1263 839 1289 ne
879 1249 1091 1290 discordia
1129 1248 1399 1290 tribunorum
1438 1248 1688 1291 damnosior

120 1306 179 1346 rei
213 1306 408 1360 publicae
441 1310 567 1361 esset,
601 1322 729 1362 quam
761 1308 813 1348 ad
842 1307 972 1350 Veios
1003 1307 1170 1361 fuisset,
1198 1310 1240 1348 et
1266 1308 1384 1349 velut
1415 1307 1530 1350 haud
1556 1308 1686 1351 dubia

121 1365 239 1406 clade
271 1365 522 1407 imminente
555 1367 764 1409 institisse
801 1367 908 1422 filio,
940 1371 990 1408 ut
1029 1367 1187 1407 milites
1231 1367 1440 1409 scriberet
1478 1370 1522 1409 et
1564 1382 1687 1410 arma.

73 1433 92 1461 :3
119 1427 300 1479 pararet.
345 1439 421 1466 nec
451 1425 585 1467 falsus
618 1430 738 1468 vates
770 1426 866 1467 fuit.
914 1441 1013 1467 nam
1047 1426 1176 1467 ductu
1207 1425 1252 1466 L.
1274 1424 1415 1482 Sergi,
1447 1427 1565 1469 cuius
1592 1426 1683 1469 dies

119 1483 287 1537 imperii
321 1488 427 1538 erat,
454 1485 548 1527 loco
580 1486 727 1540 iniquo
761 1486 839 1527 sub
872 1485 1063 1527 hostium
1090 1485 1259 1539 castris,
1286 1499 1398 1540 cum,
1425 1486 1524 1540 quia
1550 1487 1683 1528 simu-

120 1542 209 1584 lato
254 1546 370 1584 metu
414 1548 633 1599 receperat
686 1559 730 1586 se
774 1545 911 1586 hostis
950 1544 1001 1586 ad
1041 1544 1220 1598 vallum,
1259 1558 1355 1599 spes
1393 1559 1505 1586 vana
1555 1560 1683 1601 expu-

119 1602 277 1657 gnandi
305 1606 444 1644 castra
471 1618 518 1645 eo
546 1604 765 1658 traxisset,
797 1604 1020 1658 repentino
1047 1602 1211 1657 impetu
1232 1602 1479 1658 Aequorum
1503 1619 1581 1659 per
1610 1619 1681 1647 su-

166 1756 392 1801 sc...ferre]
440 1755 519 1789 sich
565 1755 755 1800 ausgeben
792 1755 861 1799 fiir,
984 1762 1016 1792 2.
1060 1758 1169 1804 nihil]
1217 1757 1254 1791 in
1298 1756 1438 1799 nichts,
1477 1756 1514 1791 in
1551 1756 1682 1792 keiner

119 1805 197 1839 sich
225 1803 421 1850 anpreisen
448 1802 513 1837 als.
939 1804 1070 1840 Sache.

168 1868 198 1899 8.
214 1865 375 1910 quando]
399 1863 540 1905 kausal,
564 1862 634 1897 wie
648 1862 741 1907 Kap.
758 1867 812 1905 4-2,
829 1867 861 1897 8.

162 1924 292 1967 patria
316 1922 501 1968 mainstas]
530 1921 599 1955 mit
624 1921 689 1956 der
715 1922 862 1956 Andeu-

119 1973 212 2014 tung
265 1970 329 2004 des
373 1968 658 2013 Ehrwiirdigen,
701 1969 861 2004 welches

119 2017 225 2051 darin
250 2017 360 2061 liegt,
387 2016 625 2061 gewohnlich
645 2018 775 2061 patria
794 2028 860 2061 po-

118 2068 235 2099 testas.
285 2064 357 2098 11111
383 2064 454 2098 den
482 2063 693 2108 damaligen
726 2063 861 2098 Sitten-

119 2111 273 2145 zustand
316 2111 366 2145 ist
409 2111 737 2153 bemerkenswert,
788 2110 861 2146 dass

119 2158 179 2192 ein
220 2158 379 2193 Inhaber
411 2158 475 2192 des
516 2158 698 2192 hochsten
733 2159 861 2193 Amtes

119 2206 213 2240 auch
246 2205 283 2239 in
317 2205 418 2239 einer
445 2205 861 2249 Staatsangelegenheit

120 2253 204 2287 dem
230 2253 324 2287 nach
351 2252 471 2287 einem
497 2252 643 2286 uralteu
663 2252 860 2287 Familien-

120 2300 223 2335 recht
260 2311 307 2334 an
342 2299 407 2334 ihn
446 2299 679 2345 gerichteten
716 2299 858 2335 Gebote

120 2348 184 2381 des
211 2347 344 2382 Vaters
371 2347 564 2392 gehorcbt.

167 2400 267 2430 extra
303 2396 446 2441 sortem]
488 2395 582 2429 ohne
619 2393 692 2429 dass
729 2406 768 2429 er
792 2394 862 2429 mit

119 2441 245 2476 seinen
272 2442 453 2485 Kollegen
481 2442 611 2477 darum
636 2442 727 2484 lost,
763 2442 859 2477 denn

120 2489 168 2523 da
188 2489 240 2523 sie
262 2489 341 2524 sich
360 2490 452 2524 iiber
473 2489 532 2524 die
555 2488 775 2535 Verteilung
795 2489 860 2524 der

119 2536 319 2571 Geschafte
354 2537 459 2572 nicht
493 2536 642 2581 einigen
679 2537 856 2579 konnten,

118 2594 158 2617 so
198 2584 329 2619 hatten
368 2584 421 2619 sie
461 2583 683 2619 sehliesslich
722 2584 857 2619 durchs

119 2630 187 2665 Los
215 2631 458 2667 entecheiden
485 2635 644 2666 mfissen.

165 2677 225 2712 46.
254 2683 283 2713 1.
305 2680 460 2726 passim]
483 2678 693 2724 Erkl'arung
713 2690 755 2712 zu
775 2682 857 2713 toto.

119 2724 230 2759 Sonst
269 2726 392 2760 stellte
426 2726 513 2771 jede
557 2727 621 2760 der
653 2730 694 2760 21
723 2725 857 2760 Tribus

120 2772 209 2815 (vgl.
225 2776 255 2812 2,
272 2776 327 2816 21ἲ
345 2775 380 2818 7)
400 2772 602 2818 gleichviel
619 2773 795 2808 Soldaten
814 2784 857 2806 zu

132 2828 218 2852 ener
249 2819 399 2864 Legion.

166 2867 340 2912 iuniores]
377 2885 411 2896 =
437 2869 591 2902 minores
628 2868 786 2912 quinque
826 2871 858 2902 et

118 2913 272 2957 triyinta
298 2915 408 2948 annis
434 2918 489 2957 22,
507 2919 560 2957 11,
577 2919 607 2949 9.

978 1876 1048 1910 pro
1074 1864 1266 1910 sententia]
1294 1881 1329 1892 =
1348 1874 1420 1908 pro
1444 1873 1514 1898 sua
1532 1867 1682 1908 uterque

935 1913 1132 1955 sementim
1164 1911 1301 1946 ebenso
1337 1910 1387 1945 ist
1420 1909 1485 1945 bei
1515 1911 1600 1946 velle
1623 1910 1681 1945 als

937 1959 1095 2004 Subjekt
1119 1963 1266 2003 uterque
1291 1970 1334 1992 zu
1360 1957 1518 1993 denken.

983 2023 1014 2053 3.
1059 2020 1099 2053 in
1142 2018 1267 2063 vicem]
1306 2034 1342 2046 =
1378 2017 1470 2052 alter
1511 2017 1679 2061 alterwm,

934 2064 1211 2147 rga-{fis
1244 2110 1660 2146 0„

934 2125 1055 2196 1131111111
1070 2123 1219 2193 ἓῗιέἓῗε.
1270 2122 1308 2145 es

981 2218 1244 2264 comparatum]
1296 2215 1575 2262 ‘festgestellt'3
1621 2216 1678 2253 oft

933 2268 1028 2302 inter
1041 2277 1076 2301 se
1095 2275 1304 2310 comparare
1322 2275 1395 2299 von
1410 2264 1481 2299 den
1493 2264 1674 2300 Konsuln.

934 2326 1089 2408 4141qu
1107 2324 1223 2371 Veios]
1240 2324 1334 2370 Kap.
1350 2328 1405 2368 31,
1421 2328 1443 2358 4
1457 2323 1547 2370 (vgl.
1561 2327 1618 2368 40,
1632 2328 1673 2368 4;

979 2402 1022 2467 iat
1038 2382 1074 2466 ,1
1082 2460 1087 2466 .
1096 2431 1263 2477 pararet]
1281 2429 1591 2465 wahrscheinlich
1603 2429 1675 2465 mit

933 2479 999 2514 der
1023 2478 1310 2523 Genehmigung
1336 2478 1401 2513 des
1428 2477 1594 2512 Senates.

979 2542 1010 2573 5.
1054 2537 1238 2583 traxisset]
1284 2537 1359 2572 Das
1404 2535 1542 2581 Objekt
1579 2535 1673 2571 dazu

931 2585 1077 2630 ergiebt
1114 2584 1194 2619 sich
1230 2583 1348 2620 leicht
1385 2595 1450 2618 aus
1488 2582 1572 2617 dem
1603 2582 1672 2617 Zu-

931 2631 1215 2676 sammenhang,
1252 2631 1388 2666 ebenso
1421 2630 1487 2665 das
1513 2628 1674 2675 Subjekt

931 2691 973 2714 zu
998 2680 1076 2723 fusi
1099 2683 1196 2714 sunt.

971 2737 1040 2772 per
1063 2731 1254 2771 suspinam
1284 2724 1427 2771 vallem]
1449 2722 1583 2758 ‘durch
1610 2723 1671 2759 ein

931 2785 1052 2819 gegen
1082 2773 1190 2808 ihren
1221 2772 1376 2807 Rticken
1408 2770 1670 2816 ansteigendes

930 2818 1050 2863 Thal',
1097 2831 1135 2855 so
1174 2819 1248 2854 dass
1287 2819 1340 2854 sie
1378 2817 1476 2853 heim
1513 2818 1670 2853 Fliehen

930 2867 1049 2902 leicht
1074 2869 1247 2901 stfirzten.
1297 2864 1385 2911 Vgl.
1416 2866 1554 2911 supina
1577 2865 1672 2901 valle

931 2920 961 2957 6,
978 2919 1034 2958 24,
1049 2919 1069 2949 3
1083 2925 1118 2947 u.
1136 2918 1165 2956 7,
1181 2917 1236 2956 24,
1253 2917 1283 2948 5.
