1799 3105
672 75 816 110 LIBER
842 75 885 109 II.
939 74 1041 109 CAP.
1069 77 1124 109 44.

1591 71 1674 112 101

113 96 139 114 a.
159 87 224 114 Chr.
244 87 305 112 481.
324 87 385 112 480.

113 188 260 238 collega
291 188 497 226 victoriam
529 187 605 226 sibi
637 192 676 225 et
707 187 872 238 gratiam
904 185 1079 223 melioris
1110 185 1235 236 partis
1267 183 1371 221 bono
1400 181 1557 233 publico
1585 181 1679 220 velit

113 247 349 298 quaesitam3
395 252 433 285 et
471 246 623 297 plures,
663 247 697 284 si
734 244 916 296 pluribus
954 257 1054 295 opus
1088 245 1155 296 sit,
1194 242 1376 282 tribunos
1409 241 1456 280 ad
1489 240 1679 279 auxilium

112 305 321 344 consulum
365 311 523 356 paratos
562 306 663 357 sore,
709 310 747 343 et
784 316 908 343 unum
946 303 1007 341 vel
1041 303 1230 342 adversus
1269 313 1406 340 omnes
1446 301 1540 338 satis
1579 311 1677 338 esse.

112 364 252 403 darent
285 364 400 403 modo
433 370 471 403 et
503 364 686 403 consules
719 369 757 401 et
789 364 985 413 primores
1012 368 1170 412 patrum
1196 373 1367 412 operam,
1399 365 1455 410 ut,
1487 361 1520 397 si
1547 360 1677 397 minus

113 435 266 474 omnes,
305 423 457 474 aliquos
489 429 620 462 tamen
653 435 700 461 ex
732 421 904 461 tribunis
935 423 995 459 rei
1027 421 1206 472 publicae
1239 426 1278 459 et
1311 420 1466 458 senatui
1498 417 1678 457 concilia-

113 488 213 520 rent.
255 484 477 533 praeceptis
509 482 610 532 Appi
642 482 783 519 moniti
815 486 947 531 patres
980 486 1019 519 et
1045 481 1221 519 universi
1247 480 1414 518 comiter
1439 490 1482 516 ac
1509 477 1678 527 benigne

114 541 295 580 tribunos
327 541 535 592 appellare,
569 546 607 578 et
639 539 879 591 consulares,
912 545 955 578 ut
985 541 1129 590 cuique
1157 551 1296 577 eorum
1321 538 1505 589 privatim
1532 535 1679 587 aliquid

112 601 212 639 iuris
245 600 434 638 adversus
472 599 648 650 singulos
686 604 787 650 erat,
828 600 973 649 partim
1011 600 1135 649 gratia
1173 599 1316 648 partim
1348 597 1581 635 auctoritate
1614 595 1680 633 oh-

113 661 281 710 tinuere,
313 664 357 697 ut
388 658 623 697 tribuniciae
656 659 863 709 potestatis
895 659 998 696 vires
1032 657 1210 695 salubres
1242 656 1383 694 vellent
1417 657 1475 694 rei
1501 654 1681 706 publicae

113 729 217 769 esse3
263 723 529 769 quattuorque
575 717 828 756 tribunorum
866 717 1055 756 adversus
1093 728 1217 755 unum
1256 721 1493 753 moratorem
1532 713 1680 764 publici

113 776 310 815 commodi
341 777 485 815 auxilio
518 776 707 815 dilectum
739 776 922 816 consules
952 776 1110 814 habent.

231 835 325 874 Inde
353 836 400 875 ad
427 835 569 875 Veiens
596 836 742 875 bellum
767 836 949 888 profecti,
977 848 1054 887 quo
1080 835 1255 886 undique
1284 847 1331 872 ex
1352 833 1511 872 Etruria
1538 831 1680 870 auxilia

113 901 397 947 convenerant,
435 908 514 934 non
553 901 633 934 tam
658 895 893 934 .Veie1itiun1
934 897 1058 945 gratia
1097 896 1310 945 concitata,
1349 905 1466 944 quam
1499 891 1603 943 quod
1641 892 1681 928 in

114 966 225 1005 spem
256 960 417 993 ventum
450 960 534 993 erat
566 955 762 993 discordia
795 956 983 993 intestina
1015 953 1175 993 dissolvi
1202 965 1286 992 rem
1312 953 1527 991 Romanam
1553 962 1680 1001 posse.

113 1015 394 1065 principesque
436 1016 476 1052 in
514 1016 690 1052 omnium
728 1013 911 1052 Etruriae
955 1013 1194 1064 populorum
1238 1012 1417 1051 conciliis
1462 1009 1681 1048 fremebant

114 1077 294 1111 aeternas
327 1085 422 1124 opes
455 1085 541 1112 esse
574 1073 780 1125 Romanas,
814 1074 890 1112 nisi
921 1074 1026 1111 inter
1059 1078 1183 1111 semet
1208 1073 1285 1122 ipsi
1311 1069 1573 1109 seditionibus
1600 1081 1681 1107 sae-

114 1133 231 1180 viant.
276 1132 315 1170 id
342 1145 465 1171 unum
491 1145 699 1183 venenum,
732 1145 817 1171 eam
842 1132 970 1170 labem
997 1131 1222 1170 civitatibus
1249 1130 1446 1181 opulentis
1472 1134 1682 1179 repertam,

115 1196 159 1229 ut
190 1203 329 1241 magna
361 1192 526 1242 imperia
557 1191 738 1230 mortalia
771 1197 913 1230 essent.
959 1191 1027 1229 diu
1061 1196 1326 1229 sustentatum
1358 1189 1397 1227 id
1424 1188 1569 1226 malum
1596 1199 1680 1237 par-

113 1251 185 1288 tim
211 1256 369 1301 patrum
395 1250 570 1289 consiliis
597 1251 740 1301 partim
767 1252 955 1301 patientia
980 1250 1119 1302 plebis,
1145 1251 1223 1287 iam
1250 1249 1297 1287 ad
1319 1253 1494 1286 extrema
1514 1247 1681 1284 venisse.

114 1308 211 1348 duas
244 1310 422 1348 civitates
455 1322 501 1348 ex
534 1322 611 1348 una
650 1310 789 1358 factas,
828 1322 921 1348 suos
960 1311 1104 1360 cuique
1141 1310 1245 1360 parti
1281 1305 1560 1358 magistratus,i
1592 1317 1682 1344 suas

114 1368 221 1419 leges
254 1381 352 1407 esse.
414 1366 587 1420 primum
619 1370 660 1407 in
693 1368 904 1408 dilectibus
938 1370 1088 1408 saevire
1122 1368 1276 1419 solitos,
1317 1367 1477 1406 eosdem
1507 1368 1548 1405 in
1580 1365 1682 1404 bello

115 1433 246 1466 tamen
276 1430 457 1479 paruisse
490 1428 670 1467 ducibus.
733 1428 1012 1480 qualicumque
1046 1427 1156 1467 urbis
1190 1432 1312 1475 statu,
1351 1432 1534 1465 manente
1568 1426 1682 1464 disci-

114 1486 220 1537 plina
251 1486 424 1540 militari,
457 1489 544 1526 sisti
576 1489 774 1540 potuisse3
806 1489 884 1526 iam
916 1500 995 1526 non
1021 1487 1186 1538 parendi
1211 1485 1507 1537 magistratibus
1533 1497 1684 1523 morem

115 1597 158 1601 —
185 1578 262 1612 mel.
290 1578 429 1622 partis,
464 1578 528 1612 der
561 1577 787 1622 Optimaten.
815 1599 861 1603 —

115 1625 207 1659 bono
227 1625 345 1668 publ„
371 1637 398 1659 s.
425 1637 470 1659 zu
495 1636 525 1659 e.
554 1629 585 1668 1,
612 1630 644 1660 3.
667 1646 711 1650 —-
734 1637 861 1668 uuum,

114 1672 175 1706 ein
208 1671 370 1717 einziger
394 1671 536 1707 Tribun
567 1673 709 1707 konnte
745 1673 861 1707 durch

115 1718 195 1753 sein
225 1718 321 1753 Veto
353 1719 414 1754 die
446 1719 666 1754 Beschh‘isse
699 1720 764 1754 der
798 1731 860 1754 an-

115 1765 228 1801 deren
253 1765 499 1810 wirkungslos
527 1767 697 1801 macheu.
724 1787 767 1792 —
794 1768 861 1802 da-

116 1817 196 1848 rent
221 1824 265 1856 0.,
290 1824 399 1848 wenn
425 1814 487 1848 ein
506 1813 591 1848 Satz
617 1814 687 1848 mit
711 1817 753 1848 ut
773 1815 862 1849 oder

116 1871 160 1895 ne
180 1871 254 1895 von
271 1861 360 1895 dare
379 1871 409 1895 o.
430 1860 609 1906 abhangt,
635 1861 684 1896 ist
702 1861 782 1896 dies
802 1861 862 1896 die

116 1907 179 1942 bei
207 1907 248 1941 L.
275 1907 564 1953 gebrauchhche
592 1908 765 1953 Stellung
790 1909 864 1953 (bei

118 1954 191 1990 Cic.
218 1955 462 2000 wechselnd),
487 1967 595 1990 wenn
622 1967 660 1990 es
685 1957 865 1992 bedeute‘c

120 2002 217 2037 ‘sich
249 2002 319 2037 mit
345 2005 460 2038 etwas
485 2003 758 2048 beschastigen’
788 2004 865 2038 und

115 2049 186 2084 den
200 2050 312 2084 Dativ
332 2050 394 2085 bei
414 2049 492 2085 sich
505 2050 588 2086 hat:
617 2061 762 2095 operam
776 2052 864 2086 dare

117 2097 322 2143 [Anhang]

165 2148 197 2179 5.
218 2145 357 2189 privat.
373 2145 420 2180 al.
434 2146 541 2188 iuris,
568 2145 628 2180 ein
643 2146 710 2180 auf
721 2145 866 2181 Privat-

116 2191 373 2237 beziehungen
387 2192 619 2228 beruhendes
628 2193 748 2228 R-eeht:
764 2193 863 2237 (Ein-

116 2239 236 2283 fluss),
268 2251 377 2274 wenn
410 2252 438 2274 z.
466 2240 505 2274 B.
539 2240 604 2274 der
635 2240 864 2275 betreffende

116 2285 257 2320 Tribun
285 2286 492 2322 Sehuldner
516 2287 580 2322 des
608 2287 761 2322 Consuls
787 2299 864 2323 war

117 2344 152 2368 u.
168 2332 243 2378 dgl.
260 2353 302 2358 —
317 2334 480 2368 salubres
498 2335 600 2378 reip„
623 2346 709 2370 vom
730 2335 863 2370 Stand-

116 2380 258 2424 punkte
285 2380 350 2415 der
368 2380 629 2416 Aristokraten
655 2393 721 2417 aus
742 2394 782 2417 so
801 2383 863 2417 be-

115 2426 295 2462 zeiehnet.

165 2479 197 2509 6.
236 2478 494 2519 quattuorque,
518 2476 614 2510 nach
641 2487 669 2510 c.
698 2480 754 2519 33,
781 2480 801 2510 2
827 2489 862 2511 u.

117 2526 150 2565 3,
178 2526 235 2565 30,
263 2526 282 2557 7
314 2521 449 2557 nimmt
473 2522 512 2556 L.
540 2522 600 2558 die
626 2523 719 2557 Zahl
743 2534 816 2557 von
842 2527 861 2557 5

118 2568 307 2604 Tribunen
339 2581 397 2605 an.
449 2569 524 2604 Das
556 2569 637 2604 hds.
672 2581 864 2614 novemque

117 2615 168 2651 ist
180 2617 259 2651 also
274 2617 545 2652 verschrieben.
562 2637 604 2642 —
620 2620 747 2652 morat.
758 2618 861 2661 publ.

117 2675 145 2698 c.
155 2680 200 2692 =
209 2675 282 2698 rem
292 2665 485 2699 militarem
492 2665 751 2708 impedientem,
765 2675 794 2700 c.
803 2668 860 2709 43,

117 2715 150 2754 3,
178 2723 204 2747 ε.
232 2712 307 2746 das.
334 2711 410 2746 und
429 2723 474 2746 zu
496 2716 526 2755 1,
546 2715 604 2755 28,
632 2716 650 2745 1
670 2714 858 2755 spectator.

117 2762 278 2793 morator
307 2759 347 2793 in
379 2758 518 2794 diesem
546 2758 658 2793 Sinne
689 2755 753 2793 ἆπ.
782 2757 860 2803 elo,

117 2807 221 2840 sonat
246 2822 290 2834 =
315 2805 562 2851 Nachzfigler,
587 2805 794 2841 Marodeur.

167 2856 196 2886 7.
224 2857 256 2888 8.
283 2864 363 2898 quo,
389 2853 554 2888 n'amlich
583 2853 687 2896 Vejos
709 2853 795 2888 oder
816 2870 859 2882 =

935 1578 985 1612 ad
1022 1579 1117 1622 quod
1156 1589 1203 1612 se.
1244 1577 1384 1612 bellum.
1423 1596 1468 1601 -—-
1507 1576 1683 1619 conciliis,

934 1624 1420 1669 Bundesversammlungen.
1447 1644 1491 1648 —-
1518 1626 1685 1658 aeternas

1008 1699 1016 1706 .
1043 1673 1118 1707 uisi
1143 1673 1212 1707 sed.
1240 1682 1352 1715 saev„
1389 1671 1464 1715 vgl.
1492 1675 1532 1714 5,
1572 1674 1610 1714 7,
1640 1674 1683 1704 10

935 1720 1075 1754 beatam
1093 1720 1217 1754 urbem
1230 1718 1437 1753 Romanam
1457 1721 1489 1752 et
1507 1718 1680 1752 invictam

934 1770 967 1801 et
992 1770 1175 1802 aeternam
1195 1767 1261 1800 illa
1282 1766 1477 1800 concordia
1496 1766 1622 1800 dicere.
1650 1769 1682 1808 9,

936 1818 998 1857 19,
1037 1818 1080 1848 15
1095 1813 1131 1849 ff.
1166 1834 1208 1838 -
1247 1814 1348 1848 sedit.
1387 1813 1570 1856 saeviant,
1607 1812 1683 1856 vgl.

935 1861 1046 1906 Verg.
1081 1866 1118 1904 1,
1154 1864 1220 1895 148
1253 1872 1333 1895 cum
1357 1870 1461 1904 saepe
1486 1863 1609 1894 coorta
1634 1863 1684 1893 est

936 1908 1075 1944 Seclz'tio
1118 1909 1300 1952 saevitque
1344 1908 1478 1942 (mimis
1526 1907 1684 1952 ignobile

936 1957 1071 2000 volyus.
1099 1977 1143 1981 —
1170 1966 1360 1997 venenum,
1392 1955 1466 1999 vgl.
1494 1958 1533 1998 3,
1567 1958 1629 1998 67,
1663 1959 1683 1989 6

936 2004 1122 2039 discordia
1141 2004 1312 2038 ordinum
1331 2005 1382 2037 est
1394 2013 1568 2036 vene-num
1581 2002 1685 2036 urbis

936 2052 1056 2086 huius.
1078 2071 1122 2075 —
1150 2051 1275 2092 labem,
1300 2050 1375 2095 vgl.
1403 2053 1460 2091 39,
1488 2053 1520 2091 9,
1551 2054 1567 2083 1
1595 2049 1685 2084 mali

937 2099 1044 2133 labes.
1065 2119 1111 2123 -
1131 2099 1303 2133 mortalia
1324 2114 1367 2126 =
1389 2096 1576 2141 hinfallig‚
1603 2107 1683 2131 vor-

936 2146 1185 2191 iibergehend.
1217 2149 1274 2189 34,
1302 2149 1334 2187 6,
1362 2149 1381 2179 5
1408 2145 1508 2189 leyes,
1542 2148 1600 2187 40,
1626 2147 1683 2187 46,

939 2198 980 2228 12
1007 2194 1235 2228 inimicitias.

985 2245 1016 2276 9.
1047 2244 1100 2275 10.
1146 2243 1403 2282 sustentatum,
1429 2238 1683 2283 ausgehalten,

936 2288 1264 2333 niedergehalten,
1291 2287 1497 2331 gehemmt,
1523 2285 1597 2330 vgl.
1625 2289 1683 2329 22,

936 2340 1001 2377 42,
1030 2341 1051 2370 4
1077 2336 1254 2370 sustinere
1277 2335 1504 2377 seditionem,
1531 2337 1568 2372 5,
1597 2336 1635 2376 7,
1661 2337 1683 2366 4

937 2383 1047 2426 (auch
1062 2384 1266 2427 continere),
1281 2393 1358 2417 was
1370 2381 1410 2415 in
1421 2381 1560 2415 diesem
1570 2379 1683 2414 Sinne

937 2430 1003 2465 das
1019 2429 1283 2465 Gewbhnliche
1297 2430 1357 2463 ist.
1383 2428 1423 2462 L.
1439 2427 1585 2462 seheint
1604 2437 1682 2461 sus-

937 2480 1075 2512 tentare
1099 2477 1265 2521 gew'ahlt]
1290 2489 1334 2510 zu
1359 2475 1500 2518 haben,
1533 2473 1619 2508 weil
1645 2484 1684 2507 er

936 2535 1009 2558 von
1027 2525 1205 2559 sustinere
1224 2524 1299 2557 und
1314 2523 1495 2558 continere
1514 2521 1602 2555 kein
1616 2520 1683 2555 Su-

935 2571 1010 2615 pin.
1034 2571 1163 2606 bildet.
1187 2592 1228 2595 —
1250 2571 1390 2614 cuique,
1415 2570 1564 2613 quisque
1589 2569 1684 2602 statt

935 2621 1094 2662 uterque,
1119 2630 1145 2653 s.
1173 2631 1216 2652 zu
1242 2629 1271 2652 e.
1301 2622 1332 2659 7,
1362 2622 1391 2651 1.
1420 2637 1460 2642 -
1489 2615 1682 2659 qualicun-

935 2676 1001 2709 que
1017 2693 1022 2699 .
1037 2693 1044 2699 .
1059 2669 1170 2708 statu,
1196 2665 1287 2699 iiber
1313 2665 1385 2698 den
1403 2661 1683 2708 pracisirenden

935 2712 1130 2747 Gebrauch
1151 2712 1296 2747 soleher
1316 2711 1422 2745 Pron.
1439 2721 1564 2755 gener.
1586 2709 1682 2745 ohne

933 2759 1043 2794 Verb.
1071 2759 1130 2795 fin.
1158 2772 1185 2794 s.
1218 2772 1262 2794 zu
1289 2762 1320 2802 1,
1346 2763 1380 2801 3,
1406 2762 1498 2792 3.—
1517 2760 1684 2792 manente

934 2807 968 2841 cl.
983 2807 1070 2849 mil„
1090 2807 1231 2842 fibers.:
1254 2807 1310 2841 ‘so
1329 2805 1440 2851 lange
1456 2834 1462 2840 .
1479 2805 1515 2840 .'.
1534 2826 1573 2830 —
1589 2805 1682 2847 sisti,

935 2865 961 2888 s.
988 2866 1032 2888 zu
1058 2865 1086 2889 c.
1114 2858 1170 2899 29,
1198 2859 1228 2889 8.

1712 1374 1754 1404 10
