1799 3105
52 1338 94 1368 10

49 1634 90 1664 15

47 1928 91 1959 20

581 641 900 689 PERIOOHA
938 642 1107 689 LIBRI
1145 642 1221 690 IV.

238 793 326 835 Lex
359 793 410 835 de
443 793 624 835 conubio
657 797 830 848 patrum
864 796 907 835 et
939 793 1076 849 plebis
1119 809 1143 835 a
1181 794 1365 836 tribunis
1404 795 1680 838 contentione

121 865 279 907 magna
311 852 507 907 patribus
546 852 890 907 repugnantibus
929 853 1098 908 perlata
1136 856 1213 895 est.
1275 853 1436 895 tribuni
1477 851 1676 909 plebis**.

121 911 287 967 aliquot
327 926 459 953 annos
499 926 567 953 res
606 912 756 966 populi
788 911 975 953 Romani
1018 912 1133 954 domi
1177 912 1443 968 militiaeque
1483 928 1560 968 per
1598 913 1680 956 hoc

120 984 254 1025 genus
307 971 589 1026 magistratus
631 971 958 1013 administratae
1003 975 1115 1013 sunt.
1187 971 1290 1013 item
1337 985 1532 1014 censores
1577 976 1678 1014 tune

119 1030 304 1084 primum
338 1030 470 1071 creati
508 1035 616 1071 sunt.
681 1044 782 1084 ager
820 1030 1081 1072 Ardeatibus
1120 1031 1268 1086 populi
1307 1030 1464 1073 iudicio
1504 1031 1675 1074 ablatus

119 1089 262 1131 missis
293 1089 338 1129 in
372 1103 467 1130 eum
501 1089 664 1131 colonis
697 1090 925 1131 restitutus
958 1093 1035 1132 est.
1097 1105 1192 1131 cum
1224 1090 1339 1132 fame
1377 1090 1562 1145 populus
1594 1090 1679 1133 Ro-

119 1162 270 1189 manus
304 1148 537 1202 laboraret,
570 1147 640 1202 Sp.
672 1147 855 1190 Maelius
888 1163 1016 1203 eques
1049 1148 1269 1190 Romanus
1301 1149 1569 1191 frumentum
1606 1163 1680 1205 po-

119 1207 221 1261 pulo
255 1222 332 1248 sua
364 1207 559 1262 impeisa
591 1208 777 1261 largitus
811 1211 895 1260 est,
922 1211 965 1249 et
997 1208 1050 1249 ob
1084 1208 1127 1249 id
1153 1208 1314 1250 factum
1341 1208 1569 1250 conciliata
1596 1208 1679 1251 sibi

118 1266 242 1320 plebe
272 1280 453 1321 regnum
486 1267 704 1308 adfectans
738 1282 763 1308 a
795 1266 839 1308 C.
867 1265 1048 1308 Servilio
1077 1266 1216 1309 Ahala
1248 1268 1455 1323 magistro
1487 1268 1679 1322 equitum

121 1326 240 1366 iussu
287 1325 460 1374 Quincti
505 1324 749 1367 Cincinnati
795 1326 1019 1368 dictatoris
1063 1327 1226 1368 occisus
1269 1330 1354 1378 est3
1386 1326 1432 1368 L.
1465 1325 1679 1368 Minucius

119 1384 245 1425 index
278 1384 387 1426 bove
421 1388 571 1426 aurata
598 1385 781 1426 donatus
810 1389 886 1426 est.
931 1385 1087 1440 legatis
1113 1385 1318 1427 Romanis
1346 1401 1370 1427 a
1400 1385 1678 1428 Fidenatibus

120 1443 288 1497 occisis,
333 1444 535 1498 quoniam
585 1444 637 1485 ob
683 1459 772 1486 rem
814 1444 1031 1499 publicam
1075 1444 1376 1499 occubuerant,
1422 1448 1591 1487 statuae
1635 1445 1679 1487 in

119 1503 272 1544 rostris
300 1504 467 1557 positae
496 1506 606 1544 sunt.
659 1502 818 1545 Cossus
847 1501 1070 1545 Cornelius
1096 1503 1294 1545 tribunus
1322 1503 1507 1545 militum
1536 1503 1677 1546 occiso

119 1561 366 1616 Tolumnio,
386 1561 614 1604 Veientum
644 1576 758 1618 rege,
781 1562 925 1616 opima
951 1563 1091 1616 spolia
1117 1563 1300 1604 secunda
1326 1563 1508 1605 rettulit.
1548 1563 1678 1604 Mam.

120 1621 328 1662 Aemilius
362 1621 547 1662 dictator
579 1635 781 1663 censurae
812 1621 1038 1676 honorem,
1071 1622 1143 1676 qui
1177 1625 1303 1663 antea
1333 1636 1409 1676 per
1440 1622 1675 1677 quinquen-

117 1679 236 1720 nium
271 1680 519 1734 gerebatur,
552 1680 651 1721 anni
691 1684 734 1721 et
773 1694 846 1722 sex
887 1681 1101 1722 mensium
1143 1681 1283 1736 spatio
1325 1680 1454 1736 finiit3
1487 1681 1539 1722 ob
1582 1695 1677 1723 eam

118 1753 206 1780 rem
242 1756 265 1780 a
298 1739 544 1781 censoribus
571 1742 748 1781 notatus
775 1742 851 1781 est.
894 1738 1082 1781 Fidenae
1109 1740 1153 1781 in
1179 1742 1442 1794 potestatem
1468 1739 1677 1794 redactae,

118 1812 251 1852 eoque
286 1798 424 1840 coloni
458 1798 578 1839 missi
611 1802 730 1852 sunt3
765 1798 920 1853 quibus
947 1799 1098 1840 occisis
1125 1798 1354 1840 Fidenates
1381 1813 1477 1841 cum
1504 1798 1677 1841 defecis-

120 1860 234 1911 sent,
261 1857 315 1898 ab
343 1857 472 1899 Mam.
493 1857 680 1899 Aemilio
715 1858 924 1900 dictatore
956 1857 1058 1899 victi
1092 1861 1194 1899 sunt
1225 1861 1268 1900 et
1295 1857 1480 1900 Fidenae
1513 1861 1676 1913 captae.

119 1916 356 1958 coniuratio
402 1931 623 1958 servorum
668 1931 887 1972 oppressa.
948 1915 1196 1959 Postumius
1242 1917 1442 1959 tribunus
1487 1917 1675 1959 militum

119 1978 294 2030 propter
325 1976 623 2017 crudelitatem
657 1976 710 2017 ab
753 1975 941 2017 exercitu
981 1976 1145 2017 occisus
1188 1978 1266 2018 est.
1328 1975 1588 2031 stipendium
1625 1990 1675 2017 ex

118 2034 281 2075 aerario
314 2037 408 2076 tum
439 2035 625 2090 primum
653 2035 865 2076 militibus
893 2035 1042 2076 datum
1069 2038 1145 2077 est.
1187 2050 1254 2076 res
1280 2039 1501 2090 praeterea
1529 2037 1673 2091 gestas

116 2092 318 2135 adversus
351 2093 530 2135 Volscos
564 2096 607 2136 et
639 2093 866 2136 Fidenates
900 2097 942 2135 et
973 2093 1164 2136 Faliscos
1197 2094 1397 2136 continet.
