1799 3105
1559 148 1640 190 163

82 244 236 286 adiecit
266 243 552 298 Quirinalem,
586 245 859 296 Viminalem,
899 245 1196 300 Esquilinum,
1229 247 1438 301 templum
1469 247 1638 290 Dianae

81 315 176 342 cum
208 300 371 342 Latinis
402 301 447 342 in
480 302 696 343 Aventino
727 302 842 343 fecit.
885 303 1132 344 interfectus
1164 305 1227 344 est
1257 318 1282 344 a
1311 303 1358 344 L.
1388 302 1633 358 Tarquinio,

75 356 208 398 Prisci
246 357 354 411 filio,
395 357 571 399 consilio
609 358 721 399 filiae
760 373 859 399 suae
898 358 1082 410 Tulliae,
1125 373 1220 400 cum
1259 363 1480 415 regnasset
1509 361 1633 402 annis

76 413 358 468 quadraginta
389 416 602 468 quattuor.

188 469 294 511 Post
329 469 442 511 hunc
479 470 524 510 L.
564 470 821 523 Tarquinius
861 470 1076 524 Superbus
1115 485 1252 525 neque
1293 474 1463 526 patrum
1493 486 1633 526 neque

73 525 219 579 populi
249 526 366 567 iussu
395 540 574 581 regnum
606 526 776 567 invasit.
828 527 862 567 is
894 530 1081 568 armatos
1112 527 1224 568 circa
1255 543 1298 569 se
1329 530 1375 569 in
1397 528 1632 570 custodiam

73 582 138 622 sui
182 581 343 624 habuit.
412 582 567 623 bellum
614 596 709 623 cum
749 581 920 624 Vulscis
958 583 1094 635 gessit
1132 585 1174 624 et
1211 598 1260 624 ex
1299 585 1447 638 spoliis
1487 599 1632 626 eorum

72 638 279 692 templum
318 638 363 678 in
401 637 614 692 Capitolio
647 637 742 680 Iovi
780 638 894 680 fecit.
960 638 1119 680 Gabios
1160 639 1254 680 dolo
1293 640 1338 681 in
1376 643 1631 694 potestatem

73 708 191 735 suam
222 693 399 747 redegit.
459 694 584 735 huius
623 695 721 736 filiis
752 694 945 749 Delphos
989 695 1191 749 profectis
1223 699 1266 737 et
1296 696 1629 751 consulentibus,

72 750 166 804 quis
198 764 341 791 eorum
372 750 530 791 Romae
563 753 818 805 regnaturus
849 753 981 803 esset,
1017 751 1175 792 dictum
1207 755 1270 793 est
1301 766 1397 793 eum
1427 756 1630 807 regnatu-

70 820 177 856 rum,
210 806 282 860 qui
311 806 494 861 primum
527 811 704 848 matrem
725 807 940 849 osculatus
964 810 1087 849 esset.
1129 807 1241 861 quod
1261 823 1511 863 responsum
1534 824 1630 850 cum

69 862 151 916 ipsi
191 862 315 903 aliter
352 863 759 917 interpretarentur,
801 863 950 904 Iunius
989 864 1172 917 Brutus,
1216 865 1286 919 qui
1320 879 1414 906 cum
1446 865 1505 905 eis
1536 880 1629 919 pro-

70 918 205 959 fectus
244 920 356 971 erat,
397 920 641 973 prolapsum
680 934 724 961 se
764 920 982 962 simulavit
1019 923 1062 961 et
1100 923 1257 961 terram
1296 921 1511 962 osculatus
1543 923 1628 975 est3

68 974 194 1029 idque
231 974 391 1016 factum
436 976 525 1017 eius
557 978 734 1017 eventus
774 978 1063 1031 conprobavit.
1125 992 1224 1018 nam
1256 991 1352 1018 cum
1384 977 1630 1031 inpotenter

69 1045 113 1072 se
142 1032 330 1085 gerendo
352 1031 607 1086 Tarquinius
631 1032 845 1087 Superbus
878 1047 1026 1074 omnes
1048 1034 1094 1074 in
1117 1033 1259 1074 odium
1283 1034 1347 1074 sui
1371 1034 1627 1085 adduxisset,

71 1087 122 1128 ad
155 1087 351 1129 ultimum
382 1091 556 1142 propter
586 1092 874 1143 expugnatam
906 1092 1118 1130 nocturna
1150 1090 1189 1130 vi
1222 1104 1246 1130 a
1275 1089 1405 1132 Sexto
1427 1090 1516 1131 filio
1539 1091 1627 1132 eius

68 1143 292 1185 Lucretiae
328 1145 597 1199 pudicitiam,
638 1159 747 1199 quae
785 1146 837 1186 ad
878 1160 921 1186 se
962 1148 1112 1187 vocato
1143 1149 1265 1199 patre
1297 1145 1553 1200 Tricipitino
1586 1149 1630 1188 et

67 1199 158 1240 viro
191 1199 404 1242 Collatino
446 1201 677 1255 obtestata,
716 1216 770 1242 ne
808 1202 947 1242 inulta
984 1216 1098 1243 mors
1128 1205 1216 1243 eius
1247 1205 1381 1256 esset,
1415 1203 1551 1244 cultro
1584 1217 1628 1243 se

66 1256 300 1307 interfecit,
351 1256 470 1298 Bruti
505 1271 634 1311 opera
672 1258 856 1299 maxime
896 1259 1097 1312 expulsus
1137 1260 1221 1312 est,
1272 1273 1365 1300 cum
1407 1261 1631 1314 regnasset

67 1326 202 1354 annos
248 1313 404 1368 viginti
449 1314 649 1368 quinque.
716 1317 808 1355 tum
851 1315 1043 1356 eonsules
1084 1316 1214 1356 creati
1254 1318 1355 1356 sunt
1394 1315 1440 1356 L.
1481 1315 1629 1356 Iunius

66 1368 227 1410 Brutus
258 1369 305 1410 L.
337 1369 594 1424 Tarquinius
626 1370 890 1412 Conlatinus

1276 2899 1343 2928 11*
