1799 3105
101 94 131 114 a.
154 86 219 112 Chr.
241 94 270 112 11.
291 86 353 112 449.

612 76 758 113 LIBER
783 77 845 113 ΠΙ.
897 76 997 112 ΟΑΡ.
1025 80 1079 111 52.
1108 80 1164 112 53.
1613 76 1668 119 87

101 184 288 226 habendi
333 186 432 226 sunt
474 184 638 226 tribuni
682 185 836 239 plebis3
882 199 962 226 nos
1007 184 1132 226 citius
1171 184 1432 225 caruerimus
1470 185 1666 239 patriciis

100 243 429 298 magistratibus
475 258 602 298 quam
645 244 709 285 illi
752 244 926 298 plebeis.

988 258 1146 285 novam
1181 243 1534 298 inexpertamque
1572 257 1663 286 eam
1692 255 1712 286 9

98 304 359 356 potestatem
392 302 586 357 eripuere
618 303 814 356 patribus
846 302 1025 356 nostris,
1056 317 1109 344 ne
1140 317 1253 343 nunc
1285 302 1508 343 dulcedine
1534 303 1666 344 semel

97 361 217 415 capti
255 361 399 402 ferant
430 361 706 414 desiderium,
745 375 841 402 cum
872 362 1125 416 praesertim
1157 375 1235 403 nec
1266 376 1346 403 nos
1377 364 1664 415 temperemus

97 419 308 474 imperiis,
347 435 430 475 quo
470 421 609 461 minus
647 421 711 461 illi
749 420 897 461 auxilii
937 419 1119 475 egeant?

96 481 222 532 parte
253 480 534 533 iactarentur,
567 479 669 520 victi
701 493 910 520 consensu
937 478 1168 521 decemviri
1198 480 1370 522 futuros
1397 493 1459 534 se,
1492 479 1662 535 undO

94 537 159 578 ita
197 538 409 592 videatur,
449 539 494 578 in
534 540 746 591 potestate
787 540 960 591 patrum
1000 537 1238 580 adfirmant.
1300 539 1342 579 id
1374 538 1501 580 modo
1536 539 1664 580 simul
1691 550 1733 581 11

95 600 226 638 orant
250 611 299 638 ae
325 598 516 650 monent,
546 599 593 638 ut
618 596 724 651 ipsis
752 596 805 637 ab
831 596 993 637 invidia
1019 600 1219 638 caveatur
1244 612 1322 639 1166
1349 612 1425 639 suo
1454 598 1662 653 sanguine

95 655 148 696 ad
182 655 393 709 supplicia
424 658 596 709 patrum
629 655 799 709 plebem
832 655 1141 696 adsuefaciant.

215 714 324 755 Tum
350 713 548 755 Valerius
576 713 868 768 Horatiusque
900 714 1023 755 missi
1055 714 1107 755 ad
1140 714 1309 768 plebem
1336 714 1661 758 condicionibus
1677 716 1732 759 53

92 773 248 827 quibus
281 772 497 814 videretur
527 773 812 815 revocandam
845 773 1246 828 componendasque
1285 788 1372 829 res,
1411 774 1662 816 decemviris

92 846 262 887 quoque
306 832 358 873 ab
403 832 468 873 ira
512 835 554 873 et
598 833 762 887 impetu
806 832 1098 873 multitudinis
1147 846 1405 886 praecavere
1449 834 1661 876 iubentur.

90 890 273 945 profecti
318 891 476 946 gaudio
517 891 683 946 ingenti
725 891 863 945 plebis
900 891 946 932 in
985 894 1129 933 castra
1166 891 1454 946 accipiuntur,
1500 892 1659 947 quippe
1686 905 1706 936 2

92 950 346 991 liberatores
386 950 500 991 haud
536 950 662 992 dubie
695 953 737 991 et
770 952 913 992 motus
945 950 1072 992 initio
1105 952 1149 991 et
1179 951 1297 992 exitu
1329 951 1403 992 rei.

1466 951 1521 992 ob
1552 952 1660 994 haec

88 1008 142 1050 iis
176 1009 502 1050 advenientibus
535 1010 700 1064 gratiae
733 1013 866 1051 actae.
926 1008 1070 1051 Icilius
1108 1024 1186 1063 pro
1219 1010 1494 1051 multitudine
1527 1011 1659 1052 verba
1686 1024 1705 1055 3

89 1067 204 1109 facit.
250 1068 380 1122 idem,
413 1083 509 1110 cum
536 1068 586 1109 de
614 1068 935 1110 condicionibus
963 1070 1180 1123 ageretur,
1208 1069 1514 1122 quaerentibus
1540 1069 1658 1125 lega-

86 1127 159 1180 tis,
185 1141 293 1181 quae
318 1127 543 1180 postulata
567 1128 708 1182 plebis
736 1130 892 1180 essent,
921 1127 1160 1181 composito
1186 1127 1273 1168 iam
1301 1130 1399 1169 ante
1426 1128 1659 1170 adventum

90 1186 332 1241 legatorum
377 1186 557 1227 consilio
603 1201 652 1228 ea
689 1187 945 1241 postulavit,
988 1190 1037 1227 ut
1081 1190 1309 1240 appareret
1351 1187 1396 1227 in
1440 1187 1659 1242 aequitate

89 1259 231 1286 rerum
263 1245 359 1299 plus
393 1259 522 1299 quam
555 1245 600 1286 in
631 1245 761 1287 armis
794 1246 945 1300 reponi
979 1245 1081 1300 spei.

1144 1248 1406 1299 potestatem
1439 1247 1554 1287 enim
1585 1248 1660 1289 tri·

89 1303 306 1345 buniciam
338 1304 775 1359 provocationemque
808 1305 1081 1359 repetebant,
1119 1318 1228 1358 quae
1261 1306 1362 1346 ante
1394 1305 1658 1348 decemviros

86 1366 254 1404 creatos
294 1363 452 1404 auxilia
482 1363 622 1417 plebis
655 1363 846 1417 fuerant,
886 1365 928 1404 et
958 1377 1012 1404 ne
1044 1363 1112 1404 cui
1143 1363 1285 1404 fraudi
1317 1366 1433 1406 esset
1464 1365 1658 1406 concisse

86 1421 246 1463 milites
280 1424 355 1463 aut
385 1422 556 1475 plebem
589 1422 640 1463 ad
673 1422 951 1478 repetendam
978 1437 1054 1476 per
1081 1422 1367 1464 secessionem
1399 1423 1657 1467 libertatem.

85 1480 137 1522 de
170 1480 507 1523 decemvirorum
545 1481 672 1523 modo
713 1481 922 1536 supplicio
957 1485 1080 1523 atrox
1110 1482 1381 1536 postulatum
1416 1481 1518 1537 fuit,
1560 1482 1658 1524 dedi

134 1577 166 1608 9.
204 1572 446 1619 inexpertam]
480 1574 575 1608 auch
602 1574 668 1618 23,
697 1577 760 1616 18,
789 1578 832 1609 10

84 1620 218 1665 passiv,
246 1621 314 1656 wie
341 1620 397 1656 oft
415 1625 594 1665 expertus.
627 1621 703 1655 Das
725 1622 834 1656 Wort

84 1668 210 1702 warde
235 1679 302 1703 vor
327 1668 406 1703 Liv.
432 1667 472 1702 in
497 1667 613 1703 Prosa
640 1668 744 1703 nicht
770 1680 832 1714 ge·

85 1715 254 1750 braueht.

130 1773 176 1796 ne
193 1762 307 1808 nume]
330 1773 374 1797 ne
392 1762 464 1796 mit
483 1761 586 1797 Coni.
600 1762 830 1807 potentialis,

84 1826 128 1838 =
148 1810 294 1853 nedum,
320 1820 383 1843 zur
402 1808 663 1854 Bezeichnung
689 1810 830 1852 dessen‚

83 1868 160 1891 was
174 1867 233 1890 am
249 1857 456 1902 wenigsten
474 1857 692 1891 statthaben
711 1856 831 1891 kann:

83 1903 204 1939 Plaut.
221 1903 357 1948 Amph.
373 1907 461 1947 3303
488 1903 562 1938 Cic.
577 1903 682 1939 Verr.
698 1908 720 1938 4
741 1908 759 1946 ἓ
775 1908 831 1947 52,

82 1964 118 1995 p.
145 1951 255 1986 domo
282 1955 301 1993 ἓ
330 1955 414 1995 139,
444 1951 491 1985 ad
517 1951 605 1986 fam.
633 1952 673 1996 9,
701 1954 764 1995 26,
792 1955 830 1995 2;

83 1998 173 2032 sall.
200 1996 278 2033 Cat.
307 2002 361 2041 11,
389 2001 420 2033 8.

128 2057 193 2081 nee
217 2045 299 2091 nos]
327 2045 411 2090 Vgl.
439 2057 482 2080 zu
508 2044 602 2090 Kap.
630 2049 686 2089 32,
714 2049 746 2080 5.

132 2096 185 2128 10.
218 2094 384 2138 quando,
413 2092 607 2137 ‘dieweil’,
640 2093 766 2128 wurde
791 2093 831 2127 111

82 2140 182 2174 allen
207 2139 410 2175 Zeitaltern
443 2141 555 2185 (auch
587 2151 659 2175 von
686 2140 828 2186 Cicero)

81 2188 135 2222 als
166 2187 321 2222 kausale
346 2187 605 2232 Konjunktion
632 2189 692 2232 (=
718 2198 830 2233 quon-

81 2236 170 2278 iam)
206 2235 428 2279 gebraucht:
470 2233 550 2271 Liv.
577 2235 619 2279 2,
648 2238 703 2278 15,
730 2238 768 2278 ὃς
794 2235 830 2279 4,

83 2284 139 2324 45,
166 2284 205 2323 8³
234 2281 269 2325 5,
299 2285 354 2325 13,
381 2285 402 2316 5
427 2294 461 2316 u.
489 2286 547 2325 27,
573 2286 612 2324 43
647 2282 681 2327 7,
706 2286 764 2326 25,
792 2287 828 2326 7;

81 2328 125 2371 9,
153 2332 190 2370 8,
217 2332 256 2371 43
292 2328 358 2371 10,
387 2332 448 2372 14,
475 2333 496 2364 8
527 2341 563 2363 u.
589 2333 652 2373 44,
679 2333 700 2364 8
734 2341 769 2364 u.
795 2341 828 2365 a.

81 2375 258 2420 Haufiger
276 2375 326 2410 ist
343 2376 382 2410 in
397 2375 537 2410 diesem
552 2375 664 2411 Sinne
681 2378 829 2422 quando

82 2423 226 2467 quidem
253 2420 363 2467 (Kap.
384 2425 441 2466 54,
462 2424 509 2468 2).

131 2473 186 2504 11.
213 2473 255 2504 ut
275 2497 282 2503 .
304 2496 311 2503 .
334 2498 340 2504 .
361 2469 547 2515 caveatur]
571 2468 662 2505 ‘dass
683 2496 691 2504 .
713 2498 720 2505 .
743 2498 750 2505 .
774 2470 828 2505 Si-

82 2516 250 2551 cherheit
263 2517 433 2561 gewahrt
446 2516 597 2560 werde’‚
617 2517 744 2552 Inhalt
760 2517 825 2552 der

81 2563 200 2606 Bitte,
230 2575 295 2599 nee
320 2591 328 2598 .
351 2592 358 2599 .
381 2591 387 2597 .
415 2564 672 2607 adsuefaciunt
702 2563 828 2599 Inhalt

80 2612 145 2646 der
170 2611 424 2655 Ermahnung.

79 2658 424 2741 „assfflffigmngssssz
442 2657 691 2747 133013052132.
715 2661 827 2750 {3423

78 2751 172 2797 Kap.
188 2757 246 2795 44,
261 2756 299 2795 5;
319 2753 491 2797 dagegen
507 2752 601 2796 Kap.
616 2755 673 2796 21,
689 2755 709 2786 6
730 2753 827 2787 nach

78 2799 200 2834 einem
228 2800 314 2835 Satz
339 2800 408 2834 mit
432 2810 487 2834 ne.

128 2847 177 2881 ad
189 2846 390 2892 supplicia]
408 2858 502 2891 ganz
515 2846 825 2891 ungewohnliche

906 1573 1178 1608 Konstruktion
1203 1573 1267 1609 bei
1293 1575 1534 1617 adsuefacere,
1561 1576 1655 1611 statt

905 1622 988 1656 Abl.
1016 1621 1105 1656 oder
1130 1621 1260 1665 Dativ‚
1293 1622 1358 1656 (161·
1390 1621 1563 1658 Klarheit
1594 1634 1656 1657 zu-

904 1668 1014 1703 liebe.

952 1715 1016 1749 53.
1056 1719 1087 1750 2.
1115 1715 1264 1760 quippe]
1300 1715 1363 1750 bei
1396 1715 1498 1750 einer
1528 1718 1656 1762 Appo-

904 1762 1026 1806 sition,
1042 1779 1086 1790 =
1100 1763 1234 1807 quippe
1246 1763 1311 1807 qui
1326 1790 1332 1797 .
1349 1791 1358 1799 .
1374 1790 1381 1797 .
1397 1766 1511 1798 essent
1516 1777 1530 1806 ;
1545 1764 1655 1799 eben-

905 1820 945 1844 so
973 1810 1068 1844 ohne
1094 1808 1260 1844 Verbum
1286 1809 1380 1854 Kap.
1407 1813 1466 1854 44,
1487 1814 1517 1845 9.

953 1860 1069 1891 motus
1094 1857 1220 1901 initio]
1247 1857 1341 1901 Kap.
1368 1861 1426 1900 49,
1453 1861 1485 1892 4.

954 1907 985 1938 3.
1024 1904 1173 1949 Icilius]
1207 1903 1275 1938 Die
1302 1903 1395 1949 Kap.
1423 1908 1485 1948 51,
1515 1908 1558 1940 10
1590 1916 1653 1950 ge-

903 1952 1068 1985 nannten
1092 1951 1246 1986 Manner
1269 1951 1391 1986 haben
1418 1952 1496 1986 ihm
1523 1963 1654 1997 wegen

905 1998 1025 2032 seiner
1057 1996 1320 2033 Gewandtheit
1354 1999 1391 2033 in
1425 1999 1497 2034 den
1523 1999 1654 2034 Unter-

902 2044 1145 2090 handlungen
1174 2045 1302 2080 diesen
1327 2045 1488 2091 Austrag
1516 2047 1651 2082 erteilt.

951 2094 1167 2137 composito.
1185 2119 1191 2127 .
1208 2120 1214 2127 .
1237 2093 1405 2140 consilio]
1426 2093 1552 2128 indem
1566 2106 1653 2130 man

905 2167 913 2175 .
930 2167 937 2174 .
954 2169 960 2175 .
982 2140 1091 2175 einen
1112 2138 1300 2175 Beschluss
1319 2140 1544 2185 vereinbart,
1572 2142 1652 2177 sich

904 2186 1072 2232 geeinigt
1097 2188 1213 2223 hatte.

950 2234 1089 2281 rerum]
1117 2235 1150 2270 d.
1176 2236 1210 2270 11.
1239 2234 1304 2269 der
1329 2235 1603 2280 Forderungen.

950 2285 983 2316 4.
1006 2285 1038 2316 et
1056 2282 1116 2328 ne]
1139 2281 1398 2327 Brachylogie‚
1415 2299 1460 2311 =
1479 2286 1512 2317 et
1524 2287 1651 2328 postu-

903 2329 1048 2373 labant,
1086 2341 1151 2372 ne;
1194 2330 1261 2364 das
1297 2329 1462 2365 Verbum
1498 2331 1550 2366 ist
1585 2341 1651 2365 aus

901 2377 1107 2421 repetebant
1133 2389 1177 2411 zu
1204 2380 1396 2422 erganzen.

948 2423 1095 2469 fraudi]
1123 2424 1222 2458 ‘zum
1243 2424 1424 2467 Schaden‚
1445 2423 1649 2460 Nachteil'.

901 2470 943 2504 In
981 2472 1102 2505 dieser
1139 2471 1360 2516 Bedeutung
1400 2471 1501 2506 steht
1543 2472 1650 2514 fraus

901 2517 998 2552 auch
1029 2518 1081 2551 im
1110 2518 1240 2553 besten
1265 2517 1396 2553 Latein
1422 2519 1461 2552 in
1488 2517 1553 2552 der
1578 2517 1649 2553 Re-

901 2564 1053 2599 densart
1086 2565 1177 2599 mihi
1209 2565 1342 2608 fraudi
1375 2568 1425 2599 est
1456 2565 1564 2609 (Kap.
1591 2568 1649 2610 54,

901 2614 922 2645 5
948 2621 982 2645 U.
1014 2613 1070 2656 14)
1109 2612 1185 2646 und
1223 2612 1260 2646 in
1300 2611 1366 2646 der
1402 2611 1650 2657 Verbindung

900 2657 971 2692 mit
994 2659 1072 2693 sine
1104 2659 1147 2702 (z.
1174 2658 1216 2694 B.
1243 2659 1322 2693 Liv.
1349 2658 1389 2701 1,
1417 2662 1478 2702 24,
1506 2663 1526 2693 5
1552 2661 1649 2705 quod

899 2706 978 2740 sine
1002 2706 1137 2748 fraude
1160 2716 1239 2740 mea
1260 2706 1462 2750 populique
1486 2706 1649 2742 Romani

904 2752 1105 2797 Quiritium
1130 2753 1236 2796 fiat).-

948 2799 1118 2845 concisse]
1134 2816 1178 2829 =
1198 2800 1404 2843 concivisse,
1418 2811 1491 2836 von
1505 2802 1649 2837 concire

901 2846 991 2882 oder
1015 2848 1175 2882 coneiere
1203 2846 1418 2882 ‘aufrufen’.

1183 435 1280 462 cum
1317 420 1423 462 haec
1462 435 1512 462 ex
1545 421 1663 462 omni
1692 432 1736 464 10
