1799 3105
143 116 190 155 μς
671 111 811 145 LIBER
845 111 901 145 lV.
949 109 1051 146 CAP.
1079 116 1110 146 6.
1139 116 1170 146 ἵ.
1451 131 1475 148 a.
1490 131 1516 148 u.
1531 130 1556 148 c.
1571 123 1631 149 ³09.
1647 123 1705 148 311.

138 222 241 262 bant
274 235 299 261 a
331 221 456 262 caede
491 219 805 273 violandisque,
839 233 945 274 quos
978 219 1148 261 foedere
1174 220 1260 262 icto
1288 235 1383 262 cum
1409 219 1536 274 plebe
1562 231 1702 260 sacro-

87 292 109 322 s
139 284 310 322 sanctos
343 280 618 333 accepissent.
682 293 756 332 per
788 278 894 320 haec
928 279 1108 320 consilia
1141 293 1189 320 eo
1222 278 1405 320 deducta
1438 281 1503 320 est
1534 291 1620 333 reS,
1653 278 1702 318 ut

137 339 332 380 tribunos
367 338 553 379 militum
588 337 803 379 consulari
836 341 1052 391 potestate
1084 338 1326 392 promiscue
1354 352 1404 379 ex
1430 337 1627 392 patribus
1653 350 1703 378 ac

138 399 261 451 plebe
294 397 428 438 creari
461 397 668 451 sinerent,
710 396 760 438 de
794 396 1043 438 consulibus
1077 396 1268 438 creandis
1301 397 1409 438 nihil
1443 399 1701 449 mutaretur3

138 471 270 511 eoque
305 456 496 497 contenti
529 456 710 511 tribuni,
743 459 945 497 contenta
977 455 1099 510 plebs
1133 456 1228 498 fuit.

89 530 108 558 ει
257 514 447 557 Comitia
486 514 670 556 tribunis
710 515 925 557 consulari
964 518 1182 569 potestate
1221 515 1360 557 tribus
1399 514 1593 556 creandis
1635 513 1699 554 in-

139 575 348 616 ¹dicuntur.
393 574 546 628 quibus
574 574 747 615 indictis
775 574 992 628 extemplo
1021 574 1276 629 quicumque
1304 574 1469 629 aliquid
1495 573 1699 615 seditiose

138 634 305 675 dixerat
343 639 419 674 aut
456 632 618 674 fecerat
657 648 878 688 umquam,
917 634 1102 674 maxime
1140 633 1379 688 tribunicii,
1417 636 1460 674 et
1498 646 1700 687 prensare

67 708 109 734 io
138 693 334 734 homines
363 697 406 734 et
432 706 681 733 concursare
707 696 799 734 toto
827 692 920 734 foro
947 692 1164 734 candidati
1198 707 1392 748 coepere,
1423 695 1472 734 ut
1497 691 1702 746 patricios

139 752 381 807 desperatio
415 752 553 806 primo
587 752 765 793 inritata
798 752 921 806 plebe
961 752 1180 806 apiscendi
1216 752 1411 806 honoris,
1451 751 1602 793 deinde
1639 750 1702 792 in-

138 811 350 866 dignatio,
396 811 432 853 si
474 825 567 852 cum
607 811 674 852 his
715 811 926 865 gerendus
967 814 1081 852 esset
1120 811 1275 865 honos,
1314 811 1564 853 deterreret.
1625 823 1702 864 po-

138 875 296 912 stremo
331 871 468 912 coacti
500 874 643 911 tamen
678 884 702 911 a
735 870 996 925 primoribus
1029 871 1209 925 petiere,
1240 885 1292 911 ne
1325 869 1504 912 cessisse
1530 882 1701 924 posses-

68 943 105 972 11
138 929 259 971 sione
292 931 350 970 rei
384 929 581 984 publicae
614 929 872 971 viderentur.
935 933 1112 970 eventus
1147 943 1293 971 eorum
1326 928 1600 971 comitiorum
1628 926 1702 968 do-

138 989 224 1030 cuit
238 989 347 1030 alios
375 989 541 1030 animos
563 990 605 1029 in
632 989 905 1030 contentione
932 989 1146 1030 libertatis
1168 988 1494 1043 dignitatisque,
1513 986 1624 1028 alios
1638 1000 1701 1028 se-

137 1049 320 1089 eundum
339 1048 534 1103 deposita
555 1049 790 1089 certamina
806 1049 1055 1102 incorrupto
1068 1048 1224 1089 iudicio
1247 1062 1357 1102 esse,
1374 1047 1572 1088 tribunos
1589 1044 1704 1087 enim

139 1121 286 1149 omnes
308 1107 513 1162 patricios
536 1108 697 1148 creavit
717 1108 921 1162 populus,
948 1110 1172 1149 contentus
1195 1121 1262 1161 eo,
1284 1105 1398 1161 quod
1418 1105 1531 1147 ratio
1550 1104 1702 1146 habita

67 1178 110 1208 12
140 1166 402 1220 plebeiorum
421 1171 546 1208 esset.
601 1167 711 1208 hanc
727 1166 982 1208 modestiam
1004 1166 1353 1221 aequitatemque
1375 1167 1418 1206 et
1431 1164 1703 1206 altitudinem

139 1226 272 1267 animi
292 1226 368 1266 ubi
393 1240 506 1267 nunc
531 1227 575 1267 in
602 1240 685 1267 uno
713 1225 945 1280 inveneris,
979 1240 1088 1280 quae
1109 1229 1201 1267 tum
1222 1224 1374 1280 populi
1394 1223 1583 1265 universi
1600 1222 1702 1265 fuit!

93 1283 114 1322 ’ἱ
258 1286 384 1326 Α11110
410 1286 714 1326 trecentesimo
737 1285 918 1339 decimo,
953 1299 1080 1339 quam
1109 1285 1208 1326 urbs
1235 1283 1374 1326 Roma
1400 1283 1574 1325 condita
1600 1285 1703 1337 erat,

143 1344 325 1388 nrimum
363 1344 527 1385 tribuni
567 1345 754 1386 militum
793 1359 869 1399 pro
914 1344 1162 1386 consulibus
1198 1344 1504 1398 magistratum
1542 1342 1705 1395 ineunt,

141 1404 191 1445 A.
223 1401 501 1457 Sempronius
535 1403 781 1453 Atratinus
815 1403 860 1444 L.
893 1403 1071 1457 Atilius,
1104 1402 1149 1443 Τ.
1185 1401 1413 1454 Caecilius,
1446 1415 1627 1456 quorum
1658 1400 1703 1441 in

187 1531 209 1553 a
254 1519 359 1554 caede
405 1519 668 1564 violandisque]
707 1518 784 1554 scil.
822 1520 882 1554 eis.

1005 1519 1138 1564 tamen]
1175 1516 1486 1563 ungewohnliche
1506 1515 1704 1551 VVortstel-

140 1566 200 1601 Sic
229 1577 351 1600 waren
372 1565 455 1601 dem
477 1566 882 1610 Blutvergiessenssvel-

958 1566 1049 1610 lung
1075 1568 1118 1600 st.
1140 1570 1320 1610 postremo
1344 1569 1466 1600 tamen
1490 1565 1616 1599 coacti.

141 1614 227 1648 ches
261 1613 340 1647 sicli
373 1613 478 1648 nicht
512 1614 580 1647 auf
607 1614 666 1648 die
697 1614 885 1648 Tribunen

142 1660 371 1696 beschrankt
414 1660 536 1695 haben
582 1662 717 1704 wurde,
769 1661 885 1695 daher

142 1708 247 1742 nicht
267 1709 467 1752 caedendis)
496 1708 571 1742 und
588 1708 775 1753 jeglicher
795 1708 883 1743 Ver-

142 1757 292 1800 letzung
319 1755 383 1789 der
410 1755 599 1790 Tribunen
625 1756 838 1800 abgeneigt.

187 1804 326 1846 foedere
360 1803 429 1838 icto
465 1814 545 1838 eum
574 1804 691 1849 plebe]
730 1803 797 1838 Bei
823 1804 888 1837 der

143 1853 266 1885 ersten
281 1850 474 1885 Secession
496 1849 572 1884 liess
595 1851 673 1885 sich
695 1851 754 1885 die
778 1851 886 1885 Plebs

142 1909 210 1932 nur
245 1897 361 1931 durch
397 1897 503 1932 einen
543 1898 763 1933 formlichen
799 1898 885 1933 Ver-

142 1952 226 1990 trag
252 1944 435 1980 zwischen
460 1944 596 1979 beiden
623 1945 800 1989 Stanclen,
828 1946 888 1980 die

144 2004 217 2027 von
262 1992 396 2027 beiden
448 1992 578 2027 Teilen
622 1992 887 2028 beschworene

144 2040 217 2073 Lex
235 2051 336 2073 sacra
344 2042 391 2082 ta,
421 2051 483 2074 zur
494 2039 697 2074 Rfickkehr
710 2041 887 2085 bewegen

191 2135 423 2179 accepissent}
462 2145 747 2179 angenommen,
782 2146 885 2169 ancr-

145 2182 263 2216 kannt
288 2181 429 2215 hatten.

193 2231 224 2264 8.
251 2229 423 2273 sinerent]
463 2228 637 2273 Subjekt:
682 2239 788 2270 man,
827 2228 887 2262 die

151 2275 338 2310 Patrizier.

193 2328 359 2358 contenta
373 2324 477 2369 plebs
495 2323 585 2369 fuit]
609 2323 677 2357 Die
698 2322 886 2357 'l'ribunen

146 2370 270 2405 liessen
314 2371 392 2405 also
438 2371 519 2405 ihre
563 2370 753 2415 Rogation
798 2370 887 2415 (vgl.

146 2418 239 2463 Kap.
277 2423 307 2461 1,
344 2423 379 2463 ’2)
415 2418 544 2460 fallen,
580 2418 653 2452 und
689 2429 727 2453 es
763 2418 889 2452 wurde

146 2477 218 2501 von
245 2465 359 2501 Senat
383 2466 457 2500 und
485 2465 595 2501 Plebs
622 2464 703 2500 eine
731 2466 786 2500 lex
812 2465 888 2499 auf-

145 2513 300 2557 gestellt
324 2513 414 2558 l'ng
441 2513 533 2557 Kap.
561 2518 616 2556 35,
646 2518 714 2556 11),
748 2513 889 2547 welche

145 2560 369 2601 bestimmte,
404 2560 478 2594 dass
511 2572 549 2594 es
576 2560 613 2595 in
640 2559 803 2594 Zukunft
828 2572 889 2604 ge-

147 2609 281 2642 stattet
315 2607 383 2651 sei,
422 2611 515 2643 statt
555 2607 687 2643 zweier
721 2607 891 2641 Konsuln

147 2652 227 2689 dr'ei
262 2654 351 2689 oder
385 2655 491 2689 mehr
515 2654 889 2696 Konsulartribunen,

148 2701 326 2736 Patrizier
351 2702 441 2737 oder
461 2702 642 2746 Plebejer,
669 2713 712 2736 zu
732 2701 891 2736 w'ahlen.

197 2753 250 2783 10.
294 2751 423 2791 coacti!
469 2748 538 2784 Die
573 2749 666 2794 Kap.
706 2752 734 2791 7,
774 2754 790 2782 1
828 2760 889 2792 ge-

148 2797 312 2830 nannten
347 2796 496 2831 Mannei
535 2796 752 2831 erschienen
789 2795 890 2830 dem—

147 2842 244 2877 nach
280 2843 352 2877 den
380 2843 688 2889 Staatshauptern
715 2847 747 2884 (ξ
776 2847 808 2886 7)
836 2842 890 2876 als

147 2889 348 2923 besonders
376 2890 572 2935 geeignete
598 2890 801 2924 Bewerber.

1001 1613 1151 1658 petiere]
1179 1612 1290 1647 naml.
1317 1613 1486 1647 honorem
1511 1623 1534 1646 α
1553 1611 1702 1656 populo.

961 1659 1146 1704 Subjekt?

1001 1708 1238 1753 possessione]
1261 1706 1294 1742 d.
1310 1707 1346 1742 h.
1360 1705 1531 1750 Leitung.
1563 1709 1595 1748 3,
1613 1709 1666 1748 14,
1683 1709 1702 1740 2

960 1766 1040 1790 cum
1065 1756 1221 1790 seniores
1240 1759 1392 1799 patrum
1418 1754 1601 1788 cessissent
1619 1763 1703 1798 pos-

959 1803 1112 1837 sessione
1136 1803 1190 1837 rei
1208 1802 1389 1847 publicae,

1010 1854 1064 1884 11.
1099 1849 1310 1894 secundum]
1347 1866 1382 1877 =
1410 1851 1504 1893 post,
1541 1847 1600 1882 die
1637 1857 1703 1880 un-

960 1896 1173 1932 mittelbare
1211 1896 1327 1939 Folge
1362 1895 1400 1929 in
1436 1894 1501 1929 der
1535 1893 1616 1929 Zeit
1639 1893 1704 1928 be·

962 1943 1180 1986 zeichnend,
1209 1943 1265 1978 oft
1289 1942 1350 1978 bei
1375 1941 1511 1977 Livius.

1009 1992 1188 2037 tribunos]
1210 1991 1321 2025 naml.
1342 1990 1500 2025 militum
1519 1988 1705 2024 consulari

956 2043 1138 2084 potestate

1009 2097 1128 2122 omnes
1147 2084 1341 2130 patricios]
1365 2080 1504 2118 lauter
1529 2079 1592 2126 P.’,
1621 2081 1704 2117 eine

961 2133 1208 2168 zweifelhafte
1235 2131 1406 2176 Α1113111113,
1434 2130 1482 2164 da
1507 2129 1580 2164 alle
1599 2133 1705 2164 sonst

960 2180 1175 2215 bekannten
1201 2178 1335 2213 Atilier
1362 2159 1435 2212 mid
1463 2175 1620 2212 C'acilier
1641 2188 1704 2211 zur

961 2227 1073 2262 Plebs
1099 2227 1292 2272 gehorten.

1011 2290 1064 2321 12.
1109 2286 1339 2320 altitudinem
1382 2284 1515 2330 animi]
1554 2282 1702 2318 Seelen-

962 2331 1401 2379 g1·osse,Seelenhoheit.

1010 2392 1103 2437 Kap.
1151 2393 1183 2426 7.
1243 2391 1329 2426 Das
1364 2390 1479 2425 Jahr
1513 2394 1581 2426 310
1626 2388 1704 2424 cler

965 2439 1102 2474 Stadt
1144 2442 1226 2483 (444
1268 2451 1301 2474 v.
1329 2436 1462 2482 Chr):
1498 2436 1623 2471 Ruhe
1658 2435 1704 2470 in

963 2487 1070 2521 Rom
1096 2487 1186 2520 und
1213 2487 1448 2520 auswarts.

1014 2552 1043 2580 1.
1069 2546 1192 2590 quam]
1229 2562 1263 2573 =
1284 2549 1384 2589 post,
1410 2554 1534 2588 quanm
1568 2542 1703 2576 ebenso

964 2598 995 2636 3,
1018 2597 1073 2635 33,
1097 2598 1136 2635 13
1163 2593 1238 2637 vgl.
1266 2596 1285 2634 ὲ
1312 2597 1332 2626 3

1003 2663 1074 2709 pro
1093 2647 1334 2696 consulibus]
1342 2662 1390 2684 an
1401 2648 1516 2684 Stelle
1528 2647 1594 2682 der
1609 2646 1703 2682 Kon-

963 2696 1067 2742 suln',
1089 2698 1205 2733 daher
1218 2698 1314 2732 auch
1328 2696 1512 2732 consulari
1519 2698 1704 2746 potestate

1012 2746 1050 2781 Τ.
1096 2745 1289 2789 Caecilius]
1332 2743 1462 2778 Dieser
1501 2741 1620 2776 Name
1654 2739 1706 2776 ist

963 2793 1151 2837 unsicher,
1180 2793 1228 2827 da
1247 2791 1307 2826 ein
1327 2790 1484 2824 andei-er
1502 2790 1620 2823 Autor
1639 2788 1704 2823 da·

963 2841 1022 2875 fiir
1048 2841 1120 2875 den
1155 2840 1193 2874 Τ.
1229 2838 1387 2873 Cluilius
1419 2836 1566 2872 Siculus
1589 2836 1706 2870 nennt

964 2888 1087 2932 (Dion.
1107 2887 1188 2922 Hal.
1214 2891 1267 2928 11,
1289 2889 1349 2926 61;
1371 2883 1445 2928 vgl.
1466 2882 1560 2928 Kap
1582 2887 1635 2926 11,
1657 2887 1704 2918 5;.
