1799 3105
59 119 88 138 a.
102 111 171 138 chr.
185 119 214 137 n.
226 112 288 138 423.
301 112 362 136 422.

628 97 774 133 LIBER
797 99 860 134 iv.
905 98 1007 134 CAP.
1027 103 1084 134 42.
1573 105 1624 146 71

63 210 148 262 seb,
180 210 372 260 vexaret,
404 222 531 261 aegre
556 206 817 249 Hortensius
844 208 1306 264 pabi,ten1pta†,i0nem
1332 223 1426 250 eam
1453 211 1626 252 credens
1655 224 1676 254 4

63 281 158 308 esse
198 267 544 321 perseverantiae
588 281 690 308 suae
732 282 811 308 nec
856 267 1052 322 precibus
1097 268 1387 322 tribunorum,
1432 283 1540 323 quae
1584 271 1628 311 in

64 326 249 381 speciem
281 326 409 368 modo
442 326 724 380 iacharentur,
757 326 830 367 sed
865 327 1027 368 auxilio
1061 327 1272 369 confidere
1304 342 1436 369 reum.
1479 328 1627 383 itaque
1654 343 1673 372 5

65 385 191 427 modo
235 385 287 426 ad
327 400 422 427 eum
466 400 718 440 conversus,
750 385 824 427 ubi
861 386 928 427 illi
972 386 1144 440 patricii
1189 387 1388 442 spiritus,
1419 386 1494 428 ubi
1527 388 1624 429 sub·

63 444 189 486 nixus
229 449 271 486 eb
309 445 443 486 fidens
482 444 754 487 innocentiae
793 445 962 486 animus
1008 449 1137 500 esset,
1177 446 1411 501 quaerebat
1448 470 1506 476 --
1546 447 1624 488 sub

59 503 295 546 tribunicia
326 505 479 546 umbra
523 505 794 546 consularem
830 504 968 546 virum
1013 504 1237 547 delituisse
1286 529 1357 560 -,
1399 506 1527 547 modo
1573 506 1626 548 ad
1654 520 1673 549 6

61 563 267 619 collegas:
292 559 394 605 ‘vos
432 567 594 619 autem,
627 564 664 605 si
701 578 822 605 reum
866 577 1047 618 perago,
1083 564 1186 618 quid
1223 566 1359 606 acturi
1397 565 1533 607 est-is?
1573 581 1627 608 an

61 623 252 678 erepturi
283 623 350 664 ius
383 623 542 678 populo
576 625 619 665 ei:
652 623 842 665 eversuri
874 622 1151 664 tribuniciam
1183 621 1492 678 potesbatem‘P’
1529 640 1625 667 cum
1654 638 1672 669 7

59 681 127 722 1111
160 685 203 723 et
234 682 285 723 de
318 681 571 737 Sempronio
605 685 649 724 et
681 683 731 724 de
770 682 967 724 omnibus
1007 697 1221 724 summani
1260 685 1409 738 populi
1442 683 1627 726 Romani

62 744 323 796 poizestateni
357 756 452 783 esse
483 741 674 784 dicerent
704 757 782 784 nec
820 756 865 783 se
909 741 1115 784 iudicium
1159 743 1311 797 populi
1352 743 1506 785 tollere
1551 748 1627 786 aut

59 800 171 842 velle
205 803 280 842 auh
311 815 457 855 posse,
490 801 581 855 sed,
615 801 652 842 si
683 815 829 856 preces
862 816 964 843 suae
1002 816 1078 856 pro
1117 801 1396 858 imperassore7
1429 803 1503 857 qui
1543 803 1624 845 sibi

59 860 251 914 parentis
286 864 400 902 esset
430 860 546 914 loco,
576 875 663 902 non
688 861 946 915 valuissem),
981 875 1025 902 se
1064 864 1231 903 vestem
1268 876 1364 903 cuin
1400 876 1449 903 eo
1490 866 1626 904 muta-

57 924 198 974 turos,
223 922 315 961 tum
338 919 595 961 Hortensius
616 916 727 962 ‘non
751 920 932 962 videbit’
958 919 1101 975 inquii:
1132 919 1271 975 ‘plebs
1305 920 1502 962 Romana
1538 936 1626 963 sor·
1652 933 1671 964 8

56 978 229 1020 didatos
269 979 465 1021 tribunos
504 994 616 1022 suos.

687 978 732 1022 O.
765 978 1067 1034 Sempronium
1104 981 1212 1022 nihil
1250 995 1412 1035 moror,
1454 982 1624 1035 quando

58 1037 140 1080 hoc
174 1041 240 1080 est
271 1039 317 1080 in
347 1038 530 1094 imperio
563 1042 837 1093 consecutus,
868 1042 917 1080 ut
949 1042 1039 1081 tam
1073 1054 1194 1081 carus
1233 1043 1349 1082 esset
1386 1037 1620 1082 miliffibus.³

57 1111 136 1139 nec
167 1098 306 1151 pietas
334 1101 540 1153 quattuor
571 1099 843 1140 tribunorum
877 1114 1005 1153 quam
1037 1098 1245 1141 Hortensi
1282 1102 1373 1141 tam
1411 1100 1624 1153 placabile
1651 1111 1670 1141 9

57 1157 112 1198 ad
143 1157 281 1199 iustas
314 1172 458 1212 preces
479 1158 700 1213 ingenium
720 1158 882 1213 pariter
901 1158 1020 1213 plebi
1039 1159 1321 1214 patribusque
1343 1159 1510 1214 gratius
1530 1159 1625 1202 fuit.

98 1277 132 1308 4ὅ
145 1274 366 1310 Hortensius
378 1274 512 1308 nimmb
523 1274 583 1309 die
591 1274 719 1309 Bitten
733 1273 802 1309 sei-

55 1332 123 1356 ner
132 1321 316 1366 Kollegen
330 1321 427 1365 fibel,
440 1321 525 1356 weil
540 1333 578 1356 er
592 1322 735 1366 glaub'c,
751 1321 803 1356 sie

56 1369 212 1404 wollten
255 1369 357 1405 seine
394 1369 698 1404 Beharrlichkeit
740 1369 808 1403 auf

57 1416 118 1451 die
143 1416 265 1452 Probe
293 1416 426 1452 stellen
457 1417 533 1451 und
561 1416 801 1462 Sempronius

55 1466 226 1499 vertraue
241 1464 383 1506 darauf,
399 1463 474 1499 dass
495 1464 547 1499 sie
563 1464 645 1500 eine
659 1464 801 1499 Durch-

56 1511 220 1557 fiihrung
263 1512 329 1547 der
366 1512 485 1557 Klage
530 1513 648 1546 durch
686 1513 800 1547 inber-

55 1558 202 1594 cession
227 1559 452 1595 verhindern
476 1560 641 1594 wurden.

103 1623 135 1654 5.
162 1619 234 1665 illi]
262 1618 369 1654 Nom.
396 1619 496 1654 Plur.

101 1679 298 1724 subniaeus]
331 1690 401 1713 nur
431 1678 513 1714 hier
538 1679 703 1722 absolut,
730 1679 800 1713 ‘zu-

55 1724 318 1769 versichblich,
363 1726 529 1770 izrotzig'‚
582 1728 685 1761 sonst
733 1726 803 1761 mit

53 1773 138 1807 Abl.
166 1774 364 1818 (25,41,1;
385 1777 590 1817 26,13,15;
611 1778 801 1818 41,19,7).

101 1834 167 1868 sub
193 1833 396 1868 tribunicia
421 1833 567 1879 umbra]
589 1834 697 1868 unter
717 1833 803 1868 dem

54 1879 252 1923 Schatten,
293 1880 450 1915 Schutze
490 1881 556 1915 der
600 1880 801 1915 Tribunen.

54 1928 141 1973 Vgl.
192 1929 258 1963 sub
302 1929 433 1963 umbra
482 1929 643 1963 alicuius
694 1930 802 1964 latere

54 1977 271 2021 (32,21,31;
305 1980 359 2019 34,
377 1979 488 2019 9,10;
522 1980 578 2015 38,
593 1980 648 2019 51,
664 1978 699 2021 4)
726 1976 803 2011 und

51 2025 183 2059 umbra
209 2024 316 2059 vestri
340 2024 478 2059 auxilii
511 2025 581 2069 teyz‘
609 2034 803 2068 possumus

55 2075 157 2115 7,30,
174 2074 228 2106 18.

102 2134 133 2165 6.
160 2131 210 2165 ad
235 2131 400 2176 eolleqas]
430 2129 510 2165 scil.
538 2141 797 2166 conversus...

51 2179 184 2223 inquit.

98 2236 200 2260 reum
227 2226 380 2271 perayo]
414 2223 484 2260 ‘die
518 2225 689 2271 Anklage
716 2237 797 2260 ver-

49 2271 188 2318 folge‘3
214 2272 289 2317 vgl.
317 2276 372 2315 24,
388 2276 444 2316 25,
461 2277 478 2307 1
505 2278 689 2318 tamquam
721 2284 799 2309 reos

50 2324 181 2366 ayeret.
243 2319 318 2354 Das
354 2320 456 2355 Pras.
495 2319 598 2355 steht
639 2321 692 2355 im
730 2321 796 2356 Be-

53 2368 341 2412 dingungssat2‚
371 2367 437 2402 wie
458 2373 490 2408 3,
506 2372 563 2412 52,
579 2373 599 2404 6
619 2370 652 2404 si
665 2369 796 2404 decem-

51 2417 125 2451 viri
154 2416 262 2459 finem
285 2415 510 2460 pertinaciae
540 2427 615 2451 ‘non
639 2418 797 2460 faciunt,

51 2474 162 2535 ruere?
186 2474 229 2498 ae
260 2463 459 2508 deflayrare
492 2465 615 2499 omnia
645 2465 797 2509 passuri

51 2512 150 2546 estis.

98 2557 164 2603 an]
181 2556 288 2592 Nach
303 2556 405 2593 einer
418 2558 668 2603 allgemeinen
679 2558 796 2603 Frage

50 2605 150 2650 folgt
185 2605 241 2640 oft
277 2604 360 2640 eine
394 2605 649 2641 bestimmtere
678 2606 796 2650 Frage

50 2652 122 2687 mit
146 2664 197 2687 an
216 2651 340 2698 (doeh
360 2651 502 2698 wohl¹),
523 2666 552 2688 z.
573 2653 614 2687 B.
637 2652 739 2687 Caes.
762 2654 795 2687 b.

52 2699 94 2734 G.
118 2704 146 2743 1,
162 2704 218 2743 47,
234 2705 254 2735 6
274 2701 363 2745 quid
394 2701 443 2735 ad
473 2711 508 2736 se
532 2700 722 2736 venirent?
747 2711 797 2735 an

49 2748 264 2792 speculandi
277 2747 415 2783 eausa?
429 2747 503 2782 Cic.
525 2748 571 2782 de
592 2747 666 2782 div.
681 2752 712 2790 2,
731 2751 796 2782 117

50 2795 198 2839 quando
247 2796 478 2831 oraculorum
522 2796 576 2831 vis
620 2794 797 2830 evanuit?

50 2853 103 2877 an
115 2846 310 2886 postquam
337 2844 498 2878 homines
515 2843 639 2877 minus
659 2842 797 2877 creduli

49 2899 123 2924 esse
148 2889 366 2934 coeperunt?

925 1276 1099 1320 erepturi]
1136 1275 1253 1309 durch
1285 1274 1534 1310 Intercession
1560 1286 1622 1320 ge-

876 1333 950 1366 gen
985 1321 1045 1357 die
1083 1322 1348 1367 Abstimmung
1385 1324 1477 1358 fiber
1516 1322 1623 1358 einen

877 1369 1126 1415 Sti-afantrag.

925 1422 955 1452 7.
977 1417 1096 1463 posse]
1132 1417 1192 1452 Sie
1224 1417 1374 1452 konnen
1409 1417 1477 1452 das
1503 1417 1623 1453 Urteil

876 1465 940 1499 des
967 1464 1107 1500 Volkes
1133 1465 1232 1499 wohl
1262 1465 1321 1499 fiir
1352 1465 1411 1499 ihr
1431 1465 1624 1510 Amtsjahr

876 1512 994 1546 durch
1004 1513 1254 1547 Intercession
1269 1512 1522 1557 aufschieben,
1534 1513 1623 1548 aber

875 1559 981 1594 nicht
995 1560 1053 1594 fu'r
1072 1560 1204 1595 immer
1220 1561 1426 1595 verbieten.
1467 1559 1503 1595 C.
1520 1560 1621 1595 Sem-

875 1607 1028 1652 pronius
1060 1608 1187 1643 wurde
1224 1608 1317 1643 zwei
1351 1608 1464 1643 Jahre
1497 1610 1623 1653 spater

875 1654 1047 1689 wirklich
1067 1655 1264 1690 verurteilb
1289 1655 1398 1700 (Kap.
1413 1659 1469 1697 44,
1488 1659 1557 1701 10).

916 1704 1098 1748 parentis]
1121 1703 1336 1738 ehi-envolle
1357 1702 1622 1748 Bezeichnung

875 1749 975 1784 eines
1029 1750 1250 1794 Feldherrn,
1305 1750 1467 1785 welcher
1520 1749 1622 1785 seine

872 1797 1160 1842 Untergebenen
1170 1797 1240 1832 mit
1247 1797 1621 1832 vaterlichemVVohl-

874 1844 1010 1879 wollen
1036 1845 1243 1880 behandelb
1267 1848 1339 1890 (22,
1356 1849 1409 1888 29,
1427 1849 1497 1897 103.

920 1893 1060 1939 vestem]
1094 1892 1164 1926 Die
1191 1904 1264 1927 von
1297 1893 1398 1928 einer
1430 1893 1622 1928 schweren

874 1939 1045 1985 Anklage
1102 1940 1315 1975 Bedrohten
1367 1940 1533 1986 pflegten
1582 1940 1621 1975 in

875 1986 1200 2033 Trauerkleidung
1232 1989 1287 2033 (=
1317 1989 1518 2030 sordidati;
1543 1989 1619 2034 vgl.

875 2040 905 2077 3,
921 2039 1031 2078 47,1;
1075 2039 1106 2079 6,
1122 2039 1177 2078 20,
1194 2038 1228 2080 1)
1270 2036 1336 2070 das
1370 2035 1518 2070 Miffleid
1555 2036 1619 2071 des

874 2082 1015 2118 Volkes
1051 2083 1276 2118 anzuflehen.
1339 2083 1412 2118 Ffir
1451 2083 1517 2117 das
1545 2084 1617 2118 An-

873 2129 1003 2165 ziehen
1061 2131 1126 2165 des
1177 2131 1518 2176 Trauergewandes
1569 2131 1620 2166 ist

871 2182 997 2213 vestem
1022 2182 1164 2214 mutare
1189 2178 1391 2214 stehender
1411 2178 1618 2213 Ausdruc'k,

919 2229 951 2261 8.
990 2226 1085 2261 nihil
1130 2226 1265 2271 moror]
1328 2226 1618 2272 gebrauchliche

871 2273 1018 2308 Formel
1044 2285 1117 2308 von
1151 2274 1217 2308 der
1251 2273 1481 2318 Entlassung
1516 2273 1616 2308 eines

871 2321 1153 2366 Angeklagten,
1193 2332 1302 2356 wenn
1346 2320 1407 2356 die
1446 2321 1616 2366 Anklage

871 2368 1106 2413 aufgegeben
1120 2368 1214 2403 wirtl
1229 2371 1275 2413 (8,
1288 2373 1344 2412 35,
1361 2373 1398 2410 8,·
1418 2373 1471 2411 10,
1488 2372 1615 2411 18,13:

870 2420 932 2459 43,
957 2421 1017 2459 16,
1040 2419 1111 2460 16).

917 2464 1063 2508 quando
1082 2464 1209 2498 wurde
1228 2463 1267 2497 in
1294 2464 1392 2498 allen
1412 2463 1617 2499 Zeitaltern

871 2511 981 2555 (auch
1026 2521 1098 2545 von
1143 2510 1297 2554 Cicero),
1326 2510 1395 2545 wie
1431 2512 1616 2555 quoniam,

871 2558 925 2592 als
957 2558 1110 2592 kausale
1132 2558 1390 2602 Konjunktion
1406 2558 1617 2602 gebraucht

870 2605 964 2650 (Liv.
987 2609 1143 2648 2‚15,5;
1171 2610 1202 2648 3,
1219 2610 1349 2647 52,10;
1377 2609 1407 2648 4,
1424 2610 1480 2647 45,
1497 2610 1516 2640 8
1540 2605 1615 2640 und

871 2652 993 2697 oster).
1014 2652 1188 2697 H'aufiger
1208 2652 1260 2687 ist
1278 2653 1315 2686 in
1337 2652 1480 2687 diesem
1501 2652 1614 2688 Sinne

869 2701 1015 2744 quando
1039 2700 1192 2744 quidem.

918 2751 949 2782 9.
995 2747 1117 2792 quam]
1163 2746 1225 2781 bei
1262 2746 1389 2782 Livius
1434 2747 1614 2783 zuweilen

870 2805 936 2829 vor
950 2794 1022 2829 den
1035 2793 1279 2839 Komparativ
1291 2795 1444 2840 gestent
1461 2798 1507 2838 (3,
1525 2800 1579 2839 19,
1592 2799 1613 2830 4

870 2853 903 2876 u.
920 2845 1094 2885 58‚11;4,
1109 2846 1141 2885 2,
1160 2846 1416 2886 iu.43,e;1o,
1433 2846 1612 2886 23‚8;·22‚

867 2893 898 2931 4,
916 2890 962 2934 6).
1013 2888 1158 2934 Infolge
1202 2889 1323 2925 dieser
1357 2889 1530 2935 Stellung
1564 2889 1615 2925 ist
