1799 3105
163 69 246 110 110
666 67 810 103 LIBER
835 68 897 104 ΙΙΙ.
937 67 1036 103 CAP.
1065 71 1120 103 67.
1148 72 1202 104 68.

1513 86 1537 104 a.
1557 86 1586 105 u.
1605 86 1630 106 o.
1649 79 1711 106 308.

158 178 356 219 tribunos
389 178 524 231 plebis
550 176 831 230 concupistis3
863 176 1114 218 concordiae
1141 191 1269 218 causa
1295 177 1596 220 concessimus
1639 178 1709 220 de-

158 237 366 279 cemviros
399 251 474 278 vos
507 235 801 289 desiderastis3
841 235 975 277 creari
1006 236 1123 289 passi
1155 250 1312 277 sumus.
1374 236 1708 279 decemvirorum

110 307 130 339 8
157 311 233 338 vos
272 299 509 350 pertaesum
551 299 634 348 est3
678 295 894 349 coegimus
933 295 1050 336 abire
1090 295 1358 350 magistratu.
1419 297 1621 337 manente
1664 296 1711 337 in

157 355 326 397 eosdem
364 355 555 408 privatos
598 353 663 394 ira
700 356 842 394 vestra
874 354 981 394 mori
1020 357 1147 408 atque
1186 354 1377 395 exsulare
1417 354 1709 396 nobilissimos

109 427 128 457 9
156 414 269 455 viros
307 413 747 467 honoratissimosque
785 413 903 467 passi
941 427 1099 454 sumus
1159 413 1354 454 tribunos
1392 413 1529 467 plebis
1568 427 1709 455 creare

155 474 308 514 iterum
341 472 559 524 voluistis,
599 472 793 514 creastis:
835 472 1031 513 consules
1062 471 1202 513 facere
1234 474 1472 514 vestrarum
1502 472 1710 527 partium3

156 532 237 573 etsi
268 530 462 586 patribus
495 531 743 572 videbamus
775 531 987 586 iniquum,
1024 531 1250 585 patricium
1283 545 1451 586 quoque
1482 531 1708 586 magistra-

155 594 245 632 tum
277 590 393 645 plebi
431 590 591 632 donum
623 589 713 631 fieri
752 590 946 632 vidimus.
990 590 1193 631 auxilium
1225 590 1520 645 tribunicium,
1556 605 1709 644 provo-

156 650 370 691 cationem
397 650 449 690 ad
475 650 691 703 populum,
724 650 831 691 scita
862 649 999 703 plebis
1025 649 1218 691 iniuncta
1243 649 1450 704 patribus,
1478 649 1556 691 sub
1583 649 1709 691 titulo

156 709 473 764 aequandarum
505 709 648 763 legum
679 711 828 750 nostra
865 709 959 750 iura
991 723 1196 762 oppressa
1227 708 1404 750 tulimus
1443 711 1486 750 et
1522 708 1712 750 ferimus.

87 781 128 811 10
155 769 227 822 qui
270 768 368 809 finis
413 768 495 809 erit
539 767 876 809 discordiarum?
926 767 1142 822 ecquando
1183 782 1315 809 unam
1352 767 1502 809 urbem
1538 767 1710 822 habere,

155 827 374 882 ecquando
421 841 690 868 communem
734 827 846 868 hanc
891 841 983 868 esse
1026 826 1212 880 patriam
1255 826 1431 868 licebit?
1482 826 1584 867 victi
1632 841 1710 868 nos

87 900 126 929 11
156 887 354 941 aequiore
381 886 525 928 animo
553 886 809 940 quiescimus
836 900 966 940 quam
990 899 1066 927 vos
1086 886 1284 927 victores.
1324 885 1484 927 satisne
1505 887 1568 926 est
1587 885 1712 927 nobis

153 960 229 987 vos
256 945 505 988 metuendos
532 945 654 987 esse?
688 945 889 986 adversus
916 959 994 986 nos
1013 944 1277 986 Aventinum
1303 944 1483 998 capitur,
1507 943 1710 986 adversus

154 1018 233 1046 nos
267 1003 393 1046 Sacer
425 1007 655 1058 occupatur
688 1019 823 1046 monS.
879 1003 1097 1058 Esquiliae
1131 1003 1301 1058 quidem
1333 1003 1386 1044 ab
1417 1003 1541 1045 hoste
1579 1017 1714 1058 prope

155 1066 303 1118 captae
342 1067 461 1117 sunt,
495 1064 778 1105 'scandentem
816 1063 861 1104 in
899 1077 1101 1118 aggerem
1137 1062 1344 1105 Volscum
1376 1062 1546 1105 hostem
1583 1076 1712 1104 nemo

156 1123 382 1164 submovit.
444 1122 489 1165 in
519 1137 598 1165 nos
631 1123 730 1173 viri,
761 1123 807 1164 in
839 1137 918 1164 nos
951 1122 1104 1164 armati
1139 1122 1253 1164 estis.

85 1185 138 1228 68
272 1182 400 1237 Agite
439 1182 557 1235 dum,
594 1182 667 1224 ubi
704 1181 774 1223 hic
812 1182 975 1224 curiam
1012 1180 1366 1223 circumsederitis
1406 1182 1449 1222 et
1478 1180 1619 1222 forum
1650 1180 1712 1222 in-

154 1240 310 1282 festum
336 1241 525 1283 feceritis
545 1243 587 1282 et
606 1255 815 1283 carcerem
841 1240 1121 1296 impleveritis
1141 1240 1419 1295 principibus,
1443 1239 1594 1281 iisdem
1618 1239 1716 1281 istis

109 1316 128 1346 2
154 1300 367 1342 ferocibus
402 1300 556 1342 animis
589 1300 841 1355 egredimini
874 1302 993 1342 extra
1024 1302 1194 1354 portam
1225 1298 1514 1354 Esquilinam3
1553 1301 1642 1353 aut,
1677 1298 1714 1340 si

155 1373 207 1400 ne
250 1359 331 1401 hoc
376 1360 546 1414 quidem
585 1360 768 1413 audetis,
813 1374 862 1400 ex
900 1359 1034 1401 muris
1072 1359 1196 1400 visite
1235 1372 1361 1413 agros
1399 1360 1563 1400 vestros
1601 1357 1714 1399 ferro

157 1418 330 1474 ignique
358 1421 568 1472 vastatos,
600 1418 803 1472 praedam
837 1418 971 1473 abigi,
1004 1417 1168 1459 fumare
1194 1417 1368 1459 incensa
1393 1417 1557 1471 passim
1587 1418 1713 1458 tecta.

111 1494 130 1524 3
159 1481 203 1519 at
235 1478 348 1518 enim
388 1478 623 1520 communis
662 1492 728 1519 res
768 1491 843 1532 per
874 1477 979 1519 haec
1011 1477 1105 1518 loco
1138 1479 1201 1517 est
1231 1476 1393 1530 peiore:
1433 1490 1534 1531 ager
1565 1476 1715 1529 uritur,

157 1627 367 1661 yeneramus
387 1629 410 1651 a
427 1618 596 1662 patribus
609 1618 777 1661 nostris);
799 1617 903 1652 deum

156 1663 206 1698 ist
237 1662 328 1698 Gen.
354 1663 452 1699 Plur.
503 1663 573 1700 Die
598 1664 805 1700 Redensart
831 1675 902 1709 pro

157 1711 260 1745 deum
293 1713 411 1756 (atque
435 1713 632 1756 hominum)
657 1712 762 1755 fidem
788 1711 903 1746 findet

158 1758 236 1793 sich
257 1759 432 1793 zuweilen
448 1759 498 1793 im
516 1759 659 1794 'alteren
673 1758 815 1802 Latein,
841 1758 902 1794 bei

161 1804 288 1840 Cicero
321 1806 396 1840 und
431 1806 584 1850 Sallust,
623 1806 683 1841 bei
717 1805 793 1842 Liv,
835 1818 903 1841 nur

158 1853 253 1888 noch
279 1851 337 1896 44,
366 1856 422 1896 38,
451 1857 505 1888 10.

204 1901 293 1945 quid
318 1901 417 1935 vobis
449 1901 574 1946 vultis]
607 1899 691 1945 Vgl.
725 1901 814 1945 Kap.
844 1904 901 1943 35,

159 1950 195 1990 53
230 1947 310 1982 Ter.
344 1948 477 1982 Heaut.
506 1952 549 1983 61
581 1959 668 1983 nam
694 1949 765 1992 pro'
797 1948 902 1983 deum

157 1998 263 2039 atque
281 1995 467 2030 hominum
485 1996 602 2040 fidem,
625 1996 713 2040 quid
732 1997 786 2030 vis
806 1995 900 2030 tibi?
948 1992 951 1996 “

206 2048 398 2094 coegimus]
436 2048 560 2083 indem
599 2048 663 2083 der
702 2047 816 2082 Senat
849 2048 901 2082 sie

160 2093 252 2128 dazu
277 2093 503 2130 aufforderte
529 2094 636 2139 (Kap.
663 2099 719 2137 54,
746 2098 792 2136 6).

207 2156 238 2188 8.
265 2154 357 2187 mori
382 2157 487 2198 atque
513 2154 676 2199 exulare]
698 2170 742 2182 =
761 2154 902 2198 partim

160 2200 252 2234 mori
271 2202 411 2244 parlim
437 2202 594 2235 emulare.

208 2262 239 2293 9.
267 2258 398 2304 facere]
420 2259 497 2294 scil.
519 2259 692 2294 voluistis.
730 2259 902 2294 Gemeint

161 2306 242 2340 sind
270 2305 439 2340 Valerius
468 2306 543 2340 und
568 2305 757 2341 Horatius.

209 2360 376 2394 iniuncta
390 2359 580 2405 patribus]
595 2359 711 2394 durch
726 2359 785 2394 die
805 2361 901 2395 erste

160 2407 235 2442 Lex
253 2406 404 2442 Valeria
422 2405 579 2441 Horatia
604 2407 710 2452 (Kap.
734 2410 789 2450 55,
810 2408 855 2451 3).

209 2457 334 2488 nostra
359 2455 445 2488 iura
470 2453 654 2500 oppressa]
688 2454 813 2489 indem
843 2454 902 2488 die

161 2500 363 2536 Vorrechte
390 2501 455 2535 der
484 2501 660 2536 Patrizier
693 2502 809 2536 durch
841 2501 901 2536 die

162 2548 280 2583 Zwolf
308 2547 438 2583 Tafeln
476 2547 703 2583 beschrankt
742 2548 901 2585 wurden.

212 2611 265 2642 11.
304 2607 407 2642 nobis
433 2619 477 2641 zu
503 2607 706 2642 verbinden
740 2608 810 2642 mit
834 2619 901 2642 me-

164 2654 331 2696 tuendos,
375 2654 444 2689 mit
481 2654 706 2689 Nachdruck
739 2665 806 2690 vor
842 2665 903 2690 vos

163 2701 448 2794 gelildlelllimcm]
479 2748 612 2783 ebenso
639 2749 672 2791 1,
693 2752 749 2792 33,
771 2753 789 2783 2
811 2749 905 2783 statt

164 2794 379 2830 Aventinus.

213 2842 251 2875 in
279 2842 454 2888 ayyerem]
488 2842 546 2876 An
572 2842 636 2877 der
661 2854 721 2877 am
747 2843 903 2878 meisten

974 1615 1220 1661 gefahrdeten
1241 1615 1404 1651 Ostseite
1430 1614 1494 1650 der
1514 1614 1624 1649 Stadt
1642 1625 1715 1650 von

974 1664 1039 1709 der
1058 1667 1170 1707 porta
1195 1663 1395 1708 Esquilina
1426 1662 1483 1697 bis
1515 1673 1578 1696 zur
1605 1665 1714 1706 porta

977 1710 1119 1745 Collina
1144 1710 1247 1745 hatte
1274 1710 1420 1745 Servius
1440 1708 1586 1744 Tullius
1606 1708 1715 1744 einen

976 1761 1066 1792 1569
1086 1770 1123 1791 m
1158 1757 1292 1803 langen
1324 1758 1400 1792 und
1441 1760 1496 1800 6‚6
1517 1769 1554 1791 m
1591 1756 1714 1791 hohen

973 1804 1074 1839 Wall
1118 1806 1215 1839 samt
1259 1804 1495 1839 S‘m‘itzmauer
1538 1803 1716 1839 errichtet

973 1852 1043 1886 mit
1064 1851 1184 1887 einem
1197 1852 1343 1887 breiten
1356 1852 1430 1887 und
1442 1850 1557 1887 tiefen
1568 1850 1714 1886 Graben

975 1899 1090 1934 davor
1116 1900 1205 1944 (vgl.
1233 1898 1339 1936 Dion.
1367 1903 1399 1943 9,
1429 1899 1500 1944 68).

1020 1995 1083 2030 68.
1112 1998 1140 2028 1.
1175 1993 1239 2028 ubi
1263 1993 1322 2028 hic
1356 1993 1496 2027 ewriam
1524 1993 1712 2028 circumse-

973 2041 1115 2087 deritis]
1149 2041 1254 2075 nicht
1272 2042 1467 2084 postquam
1563 2039 1713 2073 civ-emn-

973 2089 1132 2130 sedisne,
1170 2099 1233 2122 um
1265 2086 1512 2129 anzudeuten‚
1550 2083 1625 2120 dass
1658 2085 1710 2120 sie

975 2137 1068 2172 eben
1087 2136 1183 2170 noch
1203 2134 1321 2168 damit
1346 2132 1571 2178 beschaftigt
1592 2131 1711 2174 scien,

973 2182 1163 2219 vielleicht
1176 2180 1408 2225 Anspielung
1425 2179 1491 2215 auf
1500 2180 1594 2224 Kap.
1608 2183 1667 2223 41,
1677 2183 1712 2214 4.

1020 2230 1141 2273 forum
1171 2227 1357 2274 infestum]
1397 2227 1511 2262 durch
1544 2226 1714 2271 Anklage

975 2276 1157 2312 einzelner
1182 2274 1361 2327 Patrizier
1386 2274 1491 2319 (Kap.
1517 2279 1573 2317 66,
1593 2275 1642 2318 2).

1021 2334 1194 2359 carcerem
1214 2321 1461 2367 impleveritis]
1483 2320 1714 2365 Anspielung

973 2371 1039 2407 auf
1063 2371 1122 2406 die
1143 2369 1374 2414 Verhaftung
1394 2369 1458 2404 des
1477 2367 1618 2413 Appius
1637 2368 1713 2402 und

975 2418 1114 2463 Oppius
1141 2417 1246 2462 (Kap.
1275 2421 1330 2460 57,
1356 2420 1376 2451 6
1402 2427 1437 2450 u.
1464 2419 1520 2459 58,
1546 2416 1594 2460 9).

1021 2465 1140 2511 extra]
1169 2464 1277 2499 ‘vor'.
1320 2464 1396 2498 Das
1416 2462 1514 2498 Thor
1539 2462 1631 2497 wird
1655 2461 1711 2495 als

975 2512 1184 2549 Grenzlinie
1209 2509 1404 2556 aufgefasst
1423 2510 1471 2553 (7,
1494 2513 1548 2553 11,
1565 2512 1624 2552 1ος
1651 2508 1710 2552 10,

975 2565 1037 2605 33,
1063 2562 1112 2602 4).
1163 2559 1210 2593 Es
1242 2559 1380 2593 konnte
1412 2555 1507 2592 auch
1539 2556 1603 2591 der
1627 2554 1711 2591 Abl.

976 2609 1039 2643 des
1066 2606 1202 2651 Weges
1230 2606 1369 2641 stehen.

1024 2659 1056 2690 2.
1083 2653 1199 2699 abiyi]
1226 2653 1311 2688 weil
1335 2653 1500 2687 abactam
1523 2649 1592 2684 mit
1609 2649 1712 2684 visite

976 2701 1027 2736 im
1053 2700 1319 2745 Widerspruch
1343 2699 1473 2733 stehen
1498 2696 1634 2731 wiirde.

1023 2753 1054 2783 3.
1082 2752 1119 2783 at
1144 2747 1254 2793 enim]
1281 2746 1364 2791 Vgl.
1391 2756 1435 2779 zu
1459 2744 1550 2788 Kap.
1577 2747 1631 2786 19,
1654 2747 1708 2778 11.

1023 2795 1221 2831 communis
1246 2794 1316 2839 res]
1348 2804 1428 2827 nur
1453 2791 1517 2826 das
1543 2789 1711 2826 Gemein—

976 2853 1107 2878 wesen.
