1799 3105
129 117 208 159 146

686 115 878 150 LIBERI.
928 116 1033 153 CAP
1058 120 1111 152 53.

1436 138 1461 156 a.
1481 138 1511 156 u.
1532 130 1680 159 “ι”20-“44.

130 219 336 272 pinquam
368 218 528 270 urbem,
561 217 814 271 nequiquam
845 217 884 257 vi
916 217 1102 270 adortus,
1138 230 1229 258 cum
1263 218 1481 260 obsidendi
1512 233 1680 274 quoque

132 275 280 316 urbem
311 289 405 329 spes
437 274 557 328 pulso
589 288 613 314 a
643 273 866 314 moenibus
897 273 1095 327 adempta
1116 275 1235 322 esset,
1268 276 1480 327 postremo
1504 276 1679 317 minime

87 342 107 372 5
133 334 221 372 arte
253 330 464 383 Romana,
504 329 652 370 fraude
685 343 732 370 ac
764 329 880 383 dolo,
920 329 1142 384 adgressus
1174 332 1249 370 est.

1309 344 1408 371 nam
1439 345 1534 373 cum
1565 332 1680 374 velut

131 387 268 441 posito
329 387 439 427 bello
489 385 778 427 fundamentis
828 361 1000 440 templio
1026 384 1228 427 iaciendis
1278 385 1454 440 aliisque
1504 388 1678 430 urbanis

133 443 327 498 operibus
366 443 578 483 intentum
617 456 660 483 se
699 456 789 483 esse
827 442 1064 494 simularet,

1109 441 1260 483 Sextus
1299 441 1412 483 filius
1451 443 1562 494 eius,
1607 444 1680 498 qui

133 501 331 540 minimus
363 513 412 540 ex
443 498 579 539 tribus
611 501 712 552 erat,
743 498 976 553 transfugit
1006 513 1055 539 ex
1084 498 1317 561 composito
1340 498 1511 550 Gabios,
1546 501 1680 553 patris

81 556 174 598 610
221 570 264 596 se
304 554 523 596 saevitiam
561 554 872 596 intolerabilem
912 568 1192 608 conquerens:
1240 554 1322 594 iam
1363 555 1415 595 ab
1454 532 1603 596 alienis
1634 556 1679 597 in

127 626 225 653 suos
257 612 432 652 vertisse
464 611 725 664 superbiam,
760 613 802 652 et
832 610 1062 652 liberorum
1094 624 1260 665 quoque
1291 625 1384 651 eum
1417 612 1679 666 frequentiae

129 669 318 722 taedere,
358 670 424 720 ut,
464 681 589 721 quam
631 667 676 708 in
707 667 824 708 curia
854 667 1123 708 solitudinem
1155 666 1324 719 feceiit,
1364 668 1478 708 domi
1509 682 1678 722 quoque

128 725 276 773 faciat,
315 738 369 765 ne
406 738 534 778 quam
572 724 765 778 stirpem,
805 737 859 764 ne
898 737 1021 777 quem
1062 722 1257 764 heredem
1296 724 1417 777 regni
1447 723 1675 778 relinquat.

79 793 96 822 7
127 795 170 822 se
210 758 379 835 quidem
418 781 531 821 inter
569 780 654 820 tela
691 782 732 820 et
770 779 934 834 gladios
973 779 1106 833 patris
1137 779 1326 833 elapsum
1343 757 1467 821 Dnihil
1497 794 1674 834 usquam

125 838 205 879 sibi
246 840 383 879 tutum
421 837 504 877 nisi
543 835 656 890 apud
693 835 836 876 hostes
867 835 914 876 L.
947 835 1148 889 Tarquini
1194 835 1431 877 credidisse.

1490 850 1592 878 nam
1622 850 1676 878 ne

126 896 337 945 errarent,
369 906 539 933 manere
577 892 629 933 iis
668 892 847 944 bellum,
887 892 996 945 quod
1027 891 1214 945 positum
1246 892 1489 946 simuletur,
1529 895 1571 934 et
1600 906 1676 946 per

76 964 95 994 s
123 951 384 991 occasionem
417 963 511 989 eum
541 949 735 989 incautos
765 948 1024 988 invasurum.
1085 947 1198 1001 quod
1230 948 1265 988 si
1287 947 1398 1001 apud
1421 962 1492 990 eos
1514 949 1674 1003 suppli-

125 1007 242 1047 cibus
274 1006 388 1047 locus
420 1019 508 1046 non
538 1005 603 1055 sit,
636 1007 950 1058 pererraturum
984 1018 1027 1044 se
1053 1017 1177 1044 omne
1200 1003 1381 1058 Latium,
1418 1003 1674 1059 Volscosque

125 1063 198 1117 [se]
232 1062 329 1103 inde
361 1064 403 1102 et
434 1062 602 1114 Aequos
634 1063 676 1101 et
705 1060 914 1102 Hernicos
943 1061 1198 1114 petiturum,
1237 1059 1369 1101 donec
1401 1060 1452 1101 ad
1484 1075 1553 1102 eos
1583 1075 1675 1115 per-

123 1119 287 1168 veniat,
329 1118 401 1172 qui
441 1133 465 1158 a
496 1120 664 1170 patrum
696 1117 934 1158 crudelibus
966 1119 1092 1170 atque
1123 1116 1250 1169 inpiis
1282 1116 1500 1170 suppliciis
1530 1119 1673 1172 tegere

79 1188 99 1219 9
124 1175 281 1216 liberos
313 1175 463 1215 sciant.

524 1173 704 1214 forsitan
736 1173 864 1214 etiam
896 1172 1057 1213 ardoris
1089 1172 1247 1226 aliquid
1277 1173 1329 1213 ad
1357 1173 1516 1214 bellum
1539 1187 1673 1214 arma-

120 1245 200 1285 que
231 1245 274 1272 se
306 1230 504 1271 adversus
534 1230 879 1283 superbissimum
901 1243 1044 1283 regem
1066 1242 1115 1270 ac
1135 1228 1446 1269 ferocissimum
1467 1230 1672 1284 populum

51 1301 93 1332 10
120 1288 404 1329 inventurum.

115 1420 361 1464 beschaftigte
376 1420 439 1454 ihn
453 1419 574 1464 gleich
590 1420 730 1461 darauf,
744 1420 858 1453 nahm

117 1466 181 1500 11111
206 1466 243 1499 10
269 1465 490 1508 Anspruch',
517 1468 547 1507 6,
574 1468 627 1506 42,
645 1468 676 1498 9.
695 1469 726 1506 3,
745 1468 798 1506 47,
817 1468 860 1506 6;

115 1511 264 1553 (andeis
296 1511 426 1561 bellum
457 1509 595 1553 excepzt
615 1519 759 1552 pacem,
791 1509 858 1543 der

114 1556 228 1600 Krieg
253 1557 327 1590 trat
353 1555 423 1596 ein,
449 1555 565 1598 folgte
591 1554 687 1589 auf.
775 1558 855 1597 31,

119 1607 148 1643 1,
173 1605 205 1644 6,
234 1601 306 1644 vgl.
334 1605 367 1641 2,
392 1604 447 1642 61,
476 1599 746 1641 l.)—Gabios
775 1599 857 1633 eine

115 1628 311 1681 latiriische
338 1645 468 1687 Stadt,
494 1644 627 1679 &stlich
652 1654 724 1679 von
750 1644 854 1678 Rom.

114 1711 155 1716 —
182 1690 396 1726 obsidendi.
418 1690 577 1731 .urbem,
604 1689 663 1723 die
681 1689 852 1723 Wieder-

112 1736 254 1781 holung
278 1735 347 1769 wie
373 1746 402 1769 0.
428 1740 459 1777 3,
479 1739 515 1776 3,
541 1734 665 1768 solche
685 1734 852 1768 Wieder-

111 1781 297 1825 holungen
324 1780 385 1814 bei
403 1779 635 1814 Historikern
653 1779 718 1813 der
737 1779 852 1813 Deut-

111 1810 265 1860 lichkeit
281 1835 411 1869 wegen
430 1824 535 1858 nicht
554 1823 851 1869 ungewohnlich,

111 1885 139 1906 z
165 1871 204 1906 B.
230 1870 457 1904 namentlich
476 1869 566 1904 Caes
552 1880 623 1911 ar,
640 1869 674 1903 b.
692 1880 727 1912 g.
749 1873 778 1913 1,
798 1872 854 1909 48,

116 1920 365 1958 1;49,1--
390 1915 540 1949 77777777ηο
563 1918 643 1949 arte
668 1914 858 1965 Romana,

112 1966 171 2005 22,
199 1943 259 2004 58,
288 1963 308 1994 8
339 1960 488 1994 minime
517 1959 679 2010 Romani
709 1959 853 2003 777ςο7777

111 2007 221 2042 homo
267 2009 323 2048 22,
358 2009 410 2046 57,
447 2007 466 2038 6
504 2004 652 2038 777777777ῑο
687 2004 852 2038 Romano

111 2061 224 2085 sacro
261 2032 361 2084 Uber
378 2060 482 2086 arss.
503 2061 546 2083 zu
560 2049 679 2083 Praef.
699 2053 730 2083 9.
763 2048 851 2082 Zum

115 2094 318 2129 Gedanken
349 2099 403 2134 42,
429 2098 483 2135 47,
511 2093 584 2128 4ff.
610 2094 793 2138 ‘negabant
816 2103 852 2128 se

112 2140 153 2174 777
192 2150 233 2174 ea
269 2139 446 2182 7090777000
481 2138 715 2173 Romanas
745 2147 852 2182 (19770-

109 2195 205 2219 scere
239 2187 359 2219 artes
385 2209 528 2218 .....
553 2193 634 2217 vere
663 2183 750 2217 haec
779 2182 851 2217 Ro-

110 2240 223 2263 mana
271 2238 357 2270 esse,
412 2237 487 2262 77077
545 2228 852 2262 versutiarum

109 2274 396 2309 Punicarum
426 2283 541 2317 neque
565 2272 852 2306 calliditatis

113 2319 145 2353 G
156 2330 203 2353 ra
213 2329 254 2353 00
263 2329 285 2352 α
295 2328 328 2360 0,
347 2318 448 2362 apud
463 2327 550 2361 quos
562 2317 692 2359 fallere
703 2318 848 2359 hostem,

111 2375 219 2408 quam
250 2363 288 2398 vi
312 2374 484 2407 superare
507 2362 699 2407 yloriosius
723 2362 806 2404 fue)
809 2362 848 2398 77

155 2414 186 2443 5.
212 2407 466 2451 fundamentis
482 2407 678 2450 iaciendis,
703 2406 848 2441 Errich-

107 2455 202 2497 tung
220 2453 285 2487 der
306 2453 606 2493 Grundmauern;
632 2453 727 2486 nach
746 2463 774 2486 0.
794 2455 849 2494 38,

110 2502 129 2533 7
146 2465 212 2533 12}ss
227 2497 450 2541 Tarquinius
468 2497 612 2531 Priscus
629 2497 688 2531 die
708 2495 849 2530 Grund-

107 2543 226 2577 fl'ache
257 2543 315 2577 fiir
345 2543 416 2577 den
441 2541 597 2586 Tempel
629 2542 749 2576 ebnen
774 2541 850 2575 und

109 2599 192 2621 zum
232 2587 311 2622 Bau
358 2588 592 2622 vorbereiten
631 2587 764 2622 lassen.
807 2606 848 2610 —-

107 2633 242 2676 posito,
280 2632 465 2676 aufgeben
496 2649 538 2661 =
563 2632 742 2671 omittere,
779 2630 847 2666 wie

110 2680 128 2718 ξ
155 2682 184 2711 7.
211 2681 242 2719 8,
273 2682 304 2720 4,
337 2682 366 2713 3.
392 2677 587 2712 certamine
612 2681 642 2718 3,
667 2681 720 2717 30,
747 2681 777 2711 3.
804 2697 845 2701 —

108 2721 299 2764 minimus,
333 2734 357 2756 s.
392 2733 436 2755 zu
469 2733 497 2756 c.
525 2727 556 2762 3,
584 2725 633 2756 10.
661 2742 700 2746 -
728 2725 846 2756 traus-

106 2764 214 2809 fuyst,
236 2777 328 2809 ganz
346 2766 495 2801 ἓ«111011011
513 2767 586 2800 und
604 2766 847 2800 wahrschein-

108 2809 183 2844 lich
209 2809 273 2843 das
292 2810 423 2844 Urbild
442 2811 507 2845 der
524 2810 620 2855 Sage
639 2820 710 2845 von
727 2810 847 2844 dieser

467 1300 576 1339 cum,
608 1286 643 1326 si
674 1285 782 1326 nihil
813 1287 1090 1338 morarentur,
1122 1285 1315 1326 infensus
1339 1286 1403 1326 ira
1422 1299 1549 1339 porro
1571 1286 1671 1327 inde

927 1418 1127 1462 Kriegslist
1163 1418 1228 1453 des
1259 1418 1394 1453 Sextus
1424 1418 1472 1453 ist
1503 1418 1562 1454 die
1593 1419 1672 1454 List

927 1465 991 1498 des
1022 1464 1186 1508 Zopyrus
1223 1474 1343 1508 gegen
1380 1463 1571 1508 Babylon,
1609 1464 1670 1499 bei

927 1508 1063 1543 Herod.
1091 1513 1121 1549 3,
1154 1512 1214 1542 154
1238 1508 1274 1544 ff.

972 1558 1002 1587 6.
1028 1554 1185 1594 vertisse,
1211 1554 1378 1595 intrans,
1407 1553 1502 1588 ‘sein
1521 1553 1666 1589 Frevel—

926 1601 1008 1633 mut
1037 1599 1133 1633 habe
1159 1598 1236 1632 sich
1261 1608 1383 1641 gegen
1411 1623 1418 1631 .
1445 1629 1451 1635 ,
1477 1598 1664 1642 gekehrt',

927 1643 995 1678 wie
1033 1644 1088 1677 oft
1125 1642 1185 1677 bei
1218 1642 1276 1678 L.*
1309 1663 1351 1667 —
1382 1646 1441 1685 ut,
1475 1644 1666 1688 abh'angig

921 1699 995 1724 von
1020 1689 1141 1722 einem
1167 1698 1233 1721 aus
1258 1688 1452 1722 liberorum
1472 1714 1478 1721 .
1499 1715 1507 1723 .
1525 1689 1670 1724 taedere

922 1746 967 1768 zu
981 1732 1258 1812 lfrgtaigzenden
1285 1733 1578 1777 Verbalbegriff,
1612 1739 1668 1768 (01·

922 1789 977 1813 wo
1012 1789 1030 1812 0
1074 1789 1094 1812 0
1116 1784 1186 1819 00’,
1212 1789 1275 1811 um
1305 1798 1355 1811 ——.

969 1828 1000 1865 7,
1025 1823 1137 1865 777707·,
1176 1822 1373 1857 ‘zwischen
1404 1822 1558 1867 durch’,
1592 1823 1668 1867 vgl.

923 1873 978 1911 31,
1004 1871 1058 1909 36,
1086 1872 1122 1901 11
1149 1868 1248 1902 777707·
1270 1868 1448 1902 stationes
1473 1868 1514 1904 el.
1558 1867 1664 1903 Auch

924 1925 980 1957 eoe,
1015 1917 1068 1955 24,
1101 1916 1155 1955 33,
1189 1917 1208 1946 5
1239 1923 1283 1947 ea:
1315 1913 1422 1947 caede
1447 1913 1560 1954 elabi‚·
1586 1923 1665 1948 eva-

923 1960 1006 1994 dere
1038 1958 1135 1992 777707·
1164 1957 1237 1992 tela
1272 1961 1329 1998 24,
1355 1961 1387 2000 7,
1413 1960 1444 1991 6.
1468 1961 1523 2000 29,
1550 1961 1605 2000 33,
1633 1961 1664 1995 7.

922 2004 996 2038 Der
1004 2002 1089 2036 Satz
1105 2002 1173 2036 mit
1183 2013 1269 2036 uam
1283 2001 1507 2044 bern-undet,
1523 2013 1665 2037 warum

923 2060 962 2083 er
979 2048 1053 2089 sie,
1060 2047 1235 2089 ,Feinde“
1227 2031 1378 2082 ‘.desfi*
1396 2029 1564 2091 genaimt
1579 2046 1663 2091 hat3

923 2094 1005 2127 ‘der
1022 2074 1136 2135 K’rieg
1153 2091 1289 2126 dauere
1306 2091 1391 2135 fort,
1419 2092 1583 2136 (manere
1598 2092 1662 2136 iis)

923 2149 1029 2172 wenn
1055 2147 1094 2171 er
1119 2136 1247 2173 auch.
1311 2141 1346 2170 ’.

967 2187 997 2219 8.
1024 2184 1336 2225 pererraturum*
1366 2201 1410 2205 —
1439 2181 1602 2224 Volscos,
1633 2193 1661 2216 s.

922 2231 940 2268 ξ
958 2231 989 2264 2.
1007 2247 1049 2251 -
1067 2228 1221 2269 Aequos,
1247 2225 1438 2267 Hernicos,
1457 2226 1663 2260 0015110011-

923 2270 1143 2307 sabellische
1162 2269 1354 2305 Stamme
1344 2282 1383 2304 10
1400 2270 1559 2314 Latium,
1587 2273 1662 2306 ost-

918 2316 992 2351 lich
1017 2315 1093 2349 und
1110 2314 1314 2349 sudostlieh
1330 2326 1403 2350 von
1420 2315 1527 2352 Rom.
1566 2315 1659 2358 Dem

919 2362 1028 2396 Sinne
1059 2360 1155 2394 nach
1187 2360 1358 2395 ahnliche
1383 2360 1498 2394 Stelle
1523 2364 1578 2402 35,
1606 2364 1659 2404 19,

918 2411 939 2441 4
953 2405 1154 2450 <Hannibal
1171 2404 1269 2439 beim
1286 2405 1516 2448 Antiochus),
1535 2387 1590 2448 34,
1605 2409 1660 2449 60,

919 2455 949 2490 6,
976 2471 1018 2475 —-
1044 2460 1115 2490 eos,
1142 2449 1280 2484 ‘solche
1308 2449 1440 2491 Leute,
1466 2449 1526 2484 (110
1553 2478 1560 2484 .
1589 2476 1597 2484 .
1625 2455 1661 2487 .’.

964 2501 995 2533 9.
1020 2495 1193 2539 forsitan,
1220 2507 1247 2529 s.
1271 2495 1389 2538 praef.
1417 2498 1469 2528 12.
1488 2495 1661 2530 —ardor

920 2541 969 2576 ad
994 2541 1134 2581 bellum,
1161 2539 1339 2591 ‘feuriger
1360 2538 1443 2573 Mut
1466 2551 1548 2574 zum
1572 2565 1580 2573 .
1599 2539 1661 2574 .³,*

967 2590 1016 2621 10.
1042 2584 1209 2626 infensus
1231 2584 1303 2626 ira,
1329 2584 1399 2618 wie
1424 2587 1456 2626 2,
1483 2588 1534 2625 12,
1556 2587 1607 2620 12.
1627 2588 1658 2626 7,

917 2635 971 2674 27,
997 2635 1028 2666 6.
1056 2649 1097 2654 -—
1121 2630 1178 2663 7777
1207 2639 1342 2670 moror,
1374 2610 1568 2663 Aus’druck
1593 2610 1660 2664 deiz

917 2658 1270 2724 Umgangssprache
1278 2673 1456 2718 (Plautus,
1474 2673 1562 2711 Hor
1579 2673 1656 2708 Sat.

921 2725 949 2759 1,
974 2725 1006 2763 4,
1034 2724 1125 2754 1311.
1145 2721 1203 2762 (5.),
1229 2717 1426 2762 (130010οᾶ)
1451 2718 1555 2752 nicht
1579 2718 1658 2752 auf-

916 2765 1062 2807 halten,
1097 2763 1162 2796 ibn
1197 2762 1317 2807 gehen
1346 2762 1482 2796 lassen’
1541 2762 1656 2797 daun:

918 2809 1037 2844 ‘nicht
1049 2792 1197 2851 1011800,
1212 2807 1289 2841 sich
1302 2806 1405 2841 nicht
1419 2810 1480 2850 (an
1488 2807 1656 2852 jemand,

1758 2383 1780 2406 11
