1799 3105
88 177 113 194 a.
129 169 195 195 Chr.
204 177 232 194 n.
241 170 301 193 414,

601 152 745 187 LissEss
771 152 830 188 iv.
877 151 979 187 CAP.
1007 156 1063 187 49.
1093 155 1148 188 50.
1599 154 1654 196 85

82 264 283 306 universo
311 263 451 305 ordini
479 265 640 316 essent,
661 261 876 302 neminem
899 276 949 302 ex
970 261 1152 316 collegio
1173 260 1444 301 tribunorum
1468 260 1655 302 militum

83 323 254 377 saepius
282 337 412 377 quam
439 321 709 363 Postumium
735 320 781 361 in
808 320 1166 383 disceptationem
1193 319 1406 361 trahebat.
1439 322 1531 361 tum
1555 334 1654 361 vero
1683 327 1725 358 13

83 382 318 424 secundum
351 384 442 423 tam
475 395 649 422 saevum
684 382 811 433 atque
850 379 1132 420 inhumanum
1173 379 1334 421 dictum
1361 376 1560 419 ‘auditis'
1592 379 1654 420 in-

84 441 197 497 quit,
220 439 450 490 ‘Quirites,
476 440 588 482 sicut
615 438 751 480 servis
778 438 941 479 malum
968 438 1205 479 minantem
1232 437 1476 479 militibus?
1509 440 1657 479 tamen
1685 446 1727 476 14

82 500 188 542 haec
234 500 361 541 belua
405 499 576 553 dignior
619 498 742 538 vobis
786 499 910 538 tanto
955 497 1118 538 honore
1150 497 1381 547 videbitur,
1415 511 1544 552 quam
1584 496 1657 552 qui

86 574 160 601 vos
194 560 298 600 urbe
332 558 533 613 agrisque
566 557 748 598 donatos
781 557 826 597 in
858 556 1049 597 colonias
1083 556 1280 611 mittunt,
1308 556 1381 611 qui
1415 555 1557 598 sedem
1592 570 1654 598 se-

82 618 245 660 nectuti
271 621 440 659 vestrae
471 616 759 671 prospiciunt,
787 615 860 670 qui
893 629 968 670 pro
996 615 1151 657 vestris
1186 615 1420 657 commodis
1455 615 1656 657 adversus

82 682 171 719 tam
223 677 415 718 crudeles
472 676 765 730 superbosque
823 674 1090 716 adversarios
1148 674 1428 729 depugnant?
1479 674 1658 729 incipite
1685 682 1733 713 15

83 736 235 778 deinde
267 736 432 790 mirari,
466 750 539 776 cur
570 734 696 789 pauci
728 735 814 775 iam
842 736 1029 775 vestram
1064 734 1303 788 suscipiant
1329 748 1515 775 causam.
1555 733 1658 788 quid

81 798 130 837 ut
162 810 187 836 a
213 795 336 837 vobis
369 795 572 850 sperent?
604 809 658 835 an
683 794 886 847 honores,
913 807 1019 847 quos
1047 793 1305 834 adversariis
1330 794 1486 834 vestris
1513 793 1657 847 potius

83 860 210 909 quam
243 854 394 909 populi
424 853 608 895 Romani
637 852 1034 908 propugnatoribus
1063 852 1203 894 datis?
1228 852 1503 908 ingemuistis
1530 852 1657 894 modo
1685 860 1727 891 16

599 912 699 967 quid
737 912 781 953 id
825 911 986 953 refert?
1019 912 1106 952 iam
1149 911 1185 953 si
1227 911 1477 967 suffragium
1522 911 1657 966 detur,

81 928 185 955 voce
217 913 343 955 huius
377 912 535 954 audita.

80 974 213 1027 hunc,
247 972 319 1027 qui
351 973 515 1013 malum
547 972 669 1013 vobis
711 971 918 1025 minatur,
950 970 1021 1025 iis,
1055 971 1127 1025 qui
1175 984 1303 1026 agros
1350 971 1557 1025 sedesque
1610 985 1658 1012 ac

81 1033 277 1074 fortunas
312 1031 507 1073 stabilire
539 1031 709 1083 volunt,
743 1029 1024 1085 praeferetis⁷.

201 1103 374 1144 Perlata
416 1102 523 1143 haec
561 1116 643 1143 vox
688 1101 885 1143 Postumi
930 1100 982 1142 ad
1027 1101 1187 1142 milites
1232 1101 1370 1142 multo
1414 1101 1460 1142 in
1504 1100 1657 1142 castris
1672 1100 1729 1143 50

82 1162 288 1203 maiorem
323 1161 668 1216 indignationem
700 1161 855 1202 movit:
887 1160 1128 1215 praedaene
1167 1161 1499 1215 interceptorem
1543 1160 1656 1201 frau-

82 1222 360 1275 datoremque
395 1221 524 1262 etiam
560 1220 719 1261 malum
756 1220 910 1261 minari
937 1219 1178 1261 militibus?
1210 1220 1357 1274 itaque
1390 1234 1486 1261 cum
1517 1219 1658 1261 fremi-
1685 1227 1705 1257 2

82 1285 152 1322 tus
186 1283 335 1335 aperte
368 1282 500 1332 esset,
533 1282 576 1321 et
609 1282 812 1333 quaestor
842 1278 888 1321 P.
922 1277 1088 1321 Sestius
1122 1279 1269 1320 eadem
1302 1278 1510 1320 violentia
1542 1282 1657 1320 0001·-

83 1340 166 1382 ceri
200 1342 374 1394 putaret
406 1338 661 1380 seditionem
695 1352 840 1393 posse,
873 1352 957 1392 qua
988 1340 1109 1379 mota
1142 1340 1250 1392 erat,
1283 1338 1416 1379 misso
1457 1337 1509 1379 ad
1542 1337 1656 1379 voci·

81 1399 292 1440 ferantem
322 1397 536 1453 quendam
564 1397 750 1438 militem
779 1397 950 1448 lictore,
976 1412 1070 1438 cum
1097 1397 1195 1439 inde
1223 1397 1384 1439 clamor
1405 1400 1448 1439 et
1467 1397 1656 1452 iurgium

83 1462 293 1512 oreretur,
326 1472 429 1499 saxo
461 1457 572 1498 ictus
605 1457 733 1498 turba
766 1456 931 1498 excedit
962 1456 1139 1512 insuper
1170 1457 1438 1512 increpante,
1465 1456 1538 1511 qui
1565 1455 1654 1498 vul·
1684 1464 1703 1495 3

81 1520 327 1572 neraverat,
359 1517 530 1571 habere*
548 1520 844 1575 quaestorem,
878 1516 992 1570 quod
1024 1518 1263 1571 imperator
1296 1518 1412 1558 esset
1444 1515 1657 1557 militibus

82 1576 284 1618 minatus.
341 1575 393 1617 ad
426 1575 538 1617 huuc
572 1575 805 1616 tumultum
839 1575 1001 1616 accitus
1034 1574 1283 1617 Postumius
1318 1576 1538 1631 asperiora
1570 1589 1657 1617 om·
1684 1583 1705 1613 4

81 1636 154 1678 nia
179 1636 284 1677 fecit
310 1634 475 1676 acerbis
504 1634 850 1689 quaestionibUS,
877 1633 1121 1676 crudelibus
1150 1634 1386 1689 suppliciis.
1425 1636 1657 1690 postremo,

83 1710 177 1736 cum
219 1694 393 1735 modum
439 1694 529 1735 irae
573 1693 740 1734 nullum
786 1693 964 1748 faceret,
1009 1693 1061 1734 ad
1101 1693 1453 1735 vociferationem
1499 1707 1657 1749 eorum,

132 1850 186 1880 13.
226 1849 300 1880 tum
337 1856 418 1880 vero
460 1844 573 1879 kehrt
611 1844 707 1878 113011
747 1844 830 1878 (10111

82 1893 377 1927 Zwischensatze
392 1891 530 1926 wieder
544 1903 607 1925 zur
618 1891 832 1936 Erz‘ahlung

81 1941 121 1974 in
162 1945 181 1982 ξ
214 1944 253 1974 11
298 1939 434 1974 zun'ick
477 1939 552 1973 und
596 1938 722 1984 bringt
760 1939 832 1973 den

82 1986 361 2032 Wendepunkt.

132 2039 186 2069 14.
219 2039 322 2070 tanto
353 2035 499 2081 honore]
539 2034 604 2069 des
630 2033 830 2068 Konsular-

81 2082 288 2125 tribunats,
343 2082 439 2116 nach
493 2081 675 2117 welchem
736 2081 831 2116 auch

83 2129 231 2164 Sextius
257 2129 434 2164 trachtet.

129 2177 231 2223 urbe]
258 2176 443 2222 jedesmal
470 2177 575 2221 (oder
596 2176 726 2221 jeden)
748 2174 833 2211 ‘mit

83 2224 186 2259 einer
212 2221 349 2267 Stadt',
377 2224 442 2258 der
467 2235 588 2259 neuen
614 2223 783 2259 Kolonie.

130 2271 297 2317 mittunt]
356 2282 441 2305 vom
486 2271 686 2306 Versuche.
765 2270 833 2305 Die

81 2318 289 2353 Kolonieen
302 2317 471 2353 inArdea
492 2318 599 2364 (Kap.
611 2321 680 2363 11),
693 2318 834 2352 Fidena-

82 2366 190 2410 (Καρ.
213 2369 268 2409 30,
286 2367 321 2409 6)
348 2366 422 2399 und
444 2366 573 2400 Labici
601 2366 709 2411 (Kap.
725 2370 780 2409 47,
798 2368 832 2409 6)

82 2424 206 2447 waren
250 2413 345 2447 ohne
391 2413 537 2447 Zuthun
584 2414 649 2448 der
695 2413 830 2448 Volks·

81 2461 256 2495 tribunen
283 2460 525 2495 beschlossen
550 2461 710 2495 worden.
761 2460 832 2495 Die

82 2507 241 2542 Kolonie
262 2507 297 2541 in
319 2507 413 2541 Boia
439 2507 489 2542 ist
514 2506 574 2542 die
601 2509 714 2551 erste,
744 2507 830 2541 wel-

83 2555 150 2589 che
204 2554 256 2589 sie
302 2554 567 2589 ausdrueklieh
616 2555 829 2598 verlangen.

80 2601 208 2636 Livius
245 2601 363 2636 meint
401 2602 535 2645 daher,
576 2601 647 2637 dass
683 2601 721 2635 in
759 2602 830 2635 den

81 2660 153 2684 von
176 2649 248 2684 den
264 2649 561 2683 Volkstribunen
582 2648 830 2693 beantragten

81 2696 384 2741 Ackergesetzen
427 2695 595 2740 zugleich
640 2695 710 2729 mit
761 2696 831 2730 den

81 2743 457 2788 Landanweisungen
492 2742 586 2777 auch
622 2742 682 2777 die
718 2742 830 2777 Anle-

81 2802 183 2835 gung
203 2802 274 2825 von
296 2790 574 2824 Pflanzstadten
595 2789 633 2823 in
653 2789 831 2824 Aussicht

81 2849 302 2883 genommen
330 2849 406 2871 war
433 2837 520 2882 (vgl.
547 2837 641 2882 Kap.
663 2841 717 2880 36,
735 2839 780 2881 2).

131 2889 185 2920 15.
217 2886 345 2921 deinde
370 2885 506 2929 kni'ipft
533 2884 614 2919 eine
641 2883 828 2919 ironische

80 2932 272 2978 Mahnung
293 2943 356 2976 an,
372 2929 585 2976 ‘nunmehr,
607 2943 681 2965 nun
700 2929 825 2966 noch'.

953 1845 1041 1889 quid
1066 1844 1121 1889 ut]
1150 1844 1224 1878 Das
1252 1844 1445 1889 Fragwort
1471 1844 1520 1879 ist
1545 1845 1656 1890 (nach

906 1892 1046 1936 griech.
1064 1891 1205 1927 Weise:
1231 1893 1293 1926 ἵνα
1315 1893 1363 1937 τί)
1384 1892 1422 1926 in
1444 1892 1516 1927 den
1536 1892 1656 1927 Final-

907 1941 983 1973 satz
1024 1950 1205 1984 gezogeu,
1238 1951 1298 1973 um
1337 1951 1381 1973 zu
1415 1939 1653 1984 bezeichnen,

907 1985 981 2020 dass
1031 1986 1091 2021 die
1138 1986 1300 2021 Absicht
1345 1987 1452 2021 nicht
1495 1987 1657 2022 erreicht

907 2034 1048 2068 werde:
1076 2038 1258 2077 40,13,4;
1286 2038 1342 2077 44,
1358 2038 1413 2078 39,
1431 2039 1463 2070 5.

952 2082 1018 2127 cm]
1046 2081 1130 2126 Vgl.
1159 2081 1250 2126 Kap.
1278 2086 1382 2124 426.

952 2128 1012 2164 50.
1051 2132 1082 2163 2.
1120 2129 1257 2174 lictore]
1289 2129 1364 2164 Der
1400 2127 1559 2170 Quastor
1590 2130 1657 2165 hat

907 2176 961 2211 als
990 2176 1269 2211 Stellvertreter
1296 2177 1360 2212 des
1386 2177 1592 2212 Feldherrn
1616 2176 1657 2212 in

907 2223 1040 2259 dessen
1076 2223 1341 2270 Abwesenheit
1372 2223 1432 2259 die
1465 2224 1654 2259 Liktoren.

957 2272 1052 2317 cum]
1081 2270 1152 2305 Um
1175 2270 1234 2305 die
1256 2271 1516 2316 Ubersetzung
1537 2284 1580 2306 zu
1601 2283 1654 2306 er-

906 2318 1107 2361 leichtern,
1130 2318 1252 2354 denke
1272 2330 1358 2353 man
1379 2318 1475 2353 sich:
1498 2321 1655 2355 lictorem

906 2367 1005 2402 misit
1021 2395 1026 2400 .
1045 2396 1050 2400 .
1069 2396 1074 2400 .
1090 2371 1120 2401 εί
1136 2377 1225 2401 cum.
1265 2366 1355 2400 Was
1371 2366 1558 2401 Nachsatz
1572 2378 1654 2400 zum

906 2415 1029 2448 ersten
1080 2413 1291 2448 Nebensatz
1339 2413 1410 2447 mit
1453 2425 1533 2449 cum
1575 2413 1654 2448 sein

906 2461 1033 2504 sollte,
1080 2460 1172 2495 wird
1218 2461 1272 2495 315
1319 2461 1653 2506 untergeordnetes

905 2507 1074 2542 Moment
1087 2519 1166 2541 zum
1186 2507 1387 2553 folgenden
1405 2507 1650 2550 konstruiert,

906 2555 1073 2589 dadurch
1110 2555 1234 2589 erhfflt
1276 2555 1364 2590 aber
1400 2555 1460 2590 die
1497 2555 1653 2590 Periode

905 2604 1021 2636 etwas
1050 2602 1367 2646 Schwvrfiilliges.

952 2649 1051 2694 inde]
1080 2649 1177 2683 nach
1204 2649 1325 2683 einem
1346 2649 1430 2683 Abl.
1458 2649 1554 2691 abs,
1583 2649 1652 2684 wie

906 2695 1086 2730 zuweilen
1113 2696 1208 2731 nach
1237 2707 1315 2731 cum
1342 2695 1449 2741 (Kap.
1466 2700 1520 2740 47,
1537 2699 1585 2741 3).

954 2747 986 2777 3.
1006 2743 1234 2788 increpante]
1256 2743 1334 2777 scil.
1363 2755 1420 2787 eo;
1441 2744 1604 2789 Kap.30,
1620 2748 1650 2780 9.

952 2794 984 2824 4.
1010 2790 1074 2835 ad]
1103 2790 1163 2825 die
1185 2790 1464 2836 Veranlassung
1483 2791 1652 2826 bezeich-

903 2837 1018 2880 nend,
1048 2837 1114 2872 wie
1141 2837 1234 2882 Kap.
1264 2842 1294 2881 6,
1311 2842 1341 2872 3.

950 2885 1170 2930 crudelibus]
1187 2884 1419 2930 steigerndes
1436 2886 1653 2930 Asyndeton

901 2931 970 2966 mit
995 2932 1207 2977 Anaphora.
