1799 3105
111 93 139 114 a.
159 85 227 112 Chr.
246 94 274 112 n.
293 86 355 112 461.

112 188 228 230 dicta
258 187 304 228 in
337 188 490 227 senatu
524 188 636 240 sunt,
668 185 847 228 dilectus
881 186 1073 228 edicitur.

621 77 766 113 LIBER
790 77 853 112 ΙΙΙ.
905 76 1005 113 ΟΑΡ.
1034 81 1089 113 10.
1117 82 1171 112 11.
1623 79 1678 120 19

1136 185 1334 227 consules
1367 185 1471 227 belli
1499 186 1677 228 admini-

112 247 364 289 strationem
397 246 510 287 inter
542 260 586 287 se
620 245 838 299 dispertiri
869 245 993 300 iussi,
1034 245 1158 286 alteri
1189 247 1238 286 ut
1270 244 1440 300 Volsci,
1474 245 1599 287 alteri
1631 248 1679 288 ut

110 305 251 360 Aequi
282 305 507 359 provincia
539 307 663 346 esset.

230 363 411 405 Tribuni
456 378 600 405 coram
645 364 690 404 in
733 363 829 405 foro
868 378 1114 418 personare,
1157 363 1352 404 fabulam
1391 364 1676 417 compositam
1692 365 1752 407 310

120 423 269 466 Volsci
303 423 416 477 belli,
449 422 660 464 Hernicos
688 422 741 462 ad
773 425 919 476 partes
951 425 1139 476 paratos.
1195 423 1280 463 iam
1313 436 1366 463 ne
1399 422 1558 464 virtute
1591 423 1683 478 qui-

111 483 207 524 dem
248 482 386 537 premi
423 482 668 523 libertatem
711 482 862 536 populi
901 481 1105 535 Romani,
1145 481 1217 522 sed
1258 484 1349 522 arte
1388 481 1511 523 eludi.

114 541 333 584 occidione
366 555 500 595 prope
534 540 701 582 occisos
737 539 918 582 Volscos
951 543 994 581 et
1018 541 1192 595 Aequos
1225 555 1396 582 movere
1424 556 1501 583 sua
1527 544 1680 596 sponte

113 616 231 644 arma
270 614 398 655 posse
436 600 521 640 iam
554 599 660 640 fides
694 599 864 653 abierit,
900 614 1036 641 novos
1078 599 1226 640 hostes
1265 600 1429 666 quaeri·
1467 600 1682 641 coloniam

111 660 254 712 fidam,
287 658 575 725 propinquam
608 658 813 699 infamem
846 658 951 699 fieri.

111 718 257 772 indici,
291 719 384 773 geri
410 732 506 760 cum
532 717 657 772 plebe
685 717 894 772 Romana,
927 732 1056 773 quam
1083 720 1304 759 oneratam
1339 719 1470 759 armis
1498 733 1549 760 ex
1577 719 1708 790 urbe}

109 777 339 833 praecipiti
377 777 548 832 agmine
587 777 723 818 acturi
762 779 923 830 essent,
969 777 1094 818 exilio
1135 779 1178 818 et
1215 777 1479 832 lelegatione
1523 767 1709 833 civium{

110 837 366 879 ulciscentes
401 836 611 878 tribunos.

675 837 747 890 sic,
778 850 833 877 ne
866 810 964 890 qu⁷id
999 836 1115 878 aliud
1148 838 1291 877 actum
1324 838 1491 890 putent,
1523 837 1705 878 victam
1701 850 1753 882 13

111 897 255 951 legem
282 910 390 950 esse,
422 895 518 945 nisi,
547 895 685 936 dum
673 910 719 936 in
745 896 915 951 integro
942 910 1009 937 res
1037 896 1105 949 sit,
1131 895 1232 936 dum
1259 895 1386 950 domi,
1413 895 1513 936 dum
1538 896 1681 951 togati

113 956 214 1010 sint,
247 956 450 1009 caveant,
487 968 542 996 ne
573 955 846 1008 possessione
879 955 996 996 urbis
1029 955 1266 1009 pellantur,
1303 969 1357 996 ne
1396 955 1543 1010 iugum
1575 955 1681 996 acci-

112 1015 246 1069 piant.

110 1074 324 1115 tribunos.

312 1014 348 1055 si
381 1014 552 1055 animus
586 1013 654 1068 sit,
685 1028 773 1055 non
806 1014 950 1055 defore
985 1014 1211 1068 auxilium3
1249 1015 1491 1056 consentire
1530 1029 1678 1056 omnes

385 1073 552 1115 nullum
586 1076 794 1114 terrorem
827 1076 1062 1127 externum,
1094 1073 1261 1114 nullum
1293 1074 1530 1127 periculum
1563 1088 1674 1128 esse3
1702 1086 1747 1119 14

109 1134 275 1175 cavisse
303 1132 404 1174 deos
437 1133 580 1187 priore
609 1147 735 1187 anno,
767 1135 815 1174 ut
839 1135 934 1174 tuto
961 1133 1138 1174 libertas
1165 1132 1334 1173 defendi
1360 1135 1518 1187 posset.
1569 1133 1676 1174 haec

106 1192 283 1234 tribuni.

229 1250 289 1292 At
322 1265 373 1291 ex
410 1252 533 1304 parte
577 1251 712 1291 altera
751 1251 949 1292 consules
990 1251 1035 1292 in
1067 1253 1300 1305 conspectu
1339 1265 1486 1292 eorum
1523 1251 1677 1305 positis
1694 1254 1746 1297 11

798 1324 848 1352 00
888 1310 1117 1352 decurrunt
1154 1310 1317 1351 tribuni
1349 1310 1678 1364 contionemque

108 1310 224 1352 sellis
257 1309 462 1350 dilectum
501 1309 735 1351 habebant.

155 1442 186 1474 9.
215 1436 384 1483 dilectus]
412 1437 481 1471 Die
502 1437 767 1482 Wegffihrung
793 1438 857 1472 des

104 1485 244 1520 Heeres
277 1497 312 1521 u.
341 1485 400 1518 die
435 1484 741 1530 Zurfiokhaltung
774 1485 857 1519 des-

107 1533 235 1568 selben
259 1532 312 1567 im
337 1531 450 1566 Felde
478 1531 602 1566 wurde
629 1544 715 1567 vom
744 1532 858 1567 Senat

105 1580 182 1615 und
208 1580 280 1614 den
300 1579 467 1614 Konsuln
493 1580 673 1614 zuweilen
695 1580 856 1625 benutzt,

105 1640 169 1662 um
199 1626 258 1662 die
285 1627 397 1661 Plebs
424 1638 471 1661 an
498 1627 564 1661 der
590 1627 857 1672 Abstimmung

104 1676 196 1710 fiber
221 1673 441 1718 missliebige
457 1674 611 1709 Gesetze
627 1686 671 1709 zu
685 1674 855 1709 hindern.

102 1722 197 1766 Kap.
224 1725 280 1765 24,
311 1724 341 1756 1.

156 1772 210 1804 10.
250 1768 466 1815 personare]
508 1768 699 1804 ‘l'armend
737 1768 853 1813 rufen,

105 1816 305 1859 schreien’,
333 1818 435 1850 sonst
464 1816 774 1852 ‘wiederhallen’.

151 1865 317 1906 fabulam
337 1863 587 1910 compositam]
619 1864 674 1898 ‘es
699 1864 753 1898 sei
773 1863 854 1899 eine

106 1911 289 1946 Komodie
329 1922 510 1945 ersonnen
548 1911 741 1954 worden⁷3
790 1911 856 1946 der

104 1959 248 2004 Tropus
270 1958 363 1992 wird
384 1958 444 1993 bei
457 1962 584 2003 partes
607 1958 747 2004 (Rolle)
766 1959 854 1994 fest-

102 2007 291 2052 gehalten.

151 2057 230 2089 arte
262 2053 376 2100 eladi]
413 2053 556 2088 ‘werde

103 2100 317 2146 Kunstgriff
339 2101 541 2137 vereitelt'.

155 2152 212 2184 11.
231 2149 414 2184 occidione
434 2148 584 2194 occisos]
609 2147 855 2193 vollstandig

103 2195 447 2241 niedergemetzelt‚
466 2196 595 2230 erscho
601 2196 683 2240 12⁷:st
704 2196 738 2238 2,
748 2199 804 2239 51,
816 2200 853 2237 9;

104 2243 288 2286 9,,ς383
318 2242 515 2286 22,,5,47
543 2208 763 2287 28,l43,103
793 2223 853 2286 '30‚

104 2293 160 2333 32,
177 2294 209 2325 6.
237 2290 310 2325 Der
324 2290 407 2324 Abl.
423 2289 527 2325 modi
541 2291 725 2326 occidione
748 2271 853 2325 dient

105 2335 176 2371 wie
203 2336 262 2371 ein
284 2337 433 2372 Adverb
460 2350 522 2371 zur
543 2337 767 2383 Steigerung
787 2338 851 2372 des

103 2384 182 2418 ihm
204 2386 357 2419 stamm—
372 2397 406 2419 u.
422 2384 747 2420 sinnverwandten
763 2385 851 2419 Ver-

101 2431 223 2466 bums.

149 2479 324 2522 infamem
361 2479 457 2524 fieri]
497 2479 618 2513 werde
655 2479 695 2513 in
738 2479 853 2514 fiblen

101 2526 178 2560 Ruf
200 2525 394 2571 gebracht.

151 2577 206 2608 12.
232 2573 327 2619 yerz']
344 2572 559 2617 Asyndeton
575 2572 851 2608 adversativum

101 2621 171 2655 mit
197 2620 403 2656 Chiasmus.

108 2705 127 2713 η
149 2669 259 2703 exilio
296 2672 328 2703 et
361 2667 594 2713 relegatione]
621 2666 850 2702 rhetorische

103 2714 389 2760 Ubertreibung.
431 2714 506 2749 Das
528 2714 611 2748 Exil
633 2715 770 2749 beruht
789 2715 855 2749 auf

103 2762 222 2797 einem
252 2760 437 2797 Beschluss
472 2763 537 2797 des
566 2761 721 2804 Volkes;
761 2763 852 2796 fiber

103 2809 162 2844 die
188 2810 344 2845 mildere
369 2809 479 2844 Form
507 2811 572 2844 der
586 2808 850 2854 Verbannung‚

105 2855 165 2891 die
192 2858 309 2892 selten
335 2856 601 2902 angewendete
628 2856 853 2901 Relegation

595 2053 710 2088 durch
747 2053 854 2089 einen

930 1438 1005 1483 vgl.
1032 1437 1161 1472 Festus
1188 1449 1224 1482 p,
1252 1440 1321 1472 278
1347 1436 1414 1471 M.:
1448 1438 1599 1482 releyati
1624 1438 1679 1473 di-

930 1488 1066 1520 cuntur
1094 1486 1262 1530 proprie,
1295 1486 1426 1529 quibus
1457 1486 1680 1530 iynominiae

930 1536 996 1567 aut
1013 1544 1153 1577 poenae
1174 1544 1286 1568 causa
1300 1543 1436 1568 necesse
1455 1536 1505 1567 est
1525 1533 1571 1567 ab
1591 1533 1680 1567 urbe

930 1580 1048 1615 Roma
1085 1581 1201 1615 aliove
1236 1591 1305 1625 quo
1341 1580 1416 1615 loco
1455 1581 1572 1614 abesse
1608 1580 1679 1625 Zeye

928 1628 1133 1663 senatuisve
1158 1628 1320 1662 consulto
1346 1631 1413 1662 aut
1432 1628 1546 1662 edicto
1564 1627 1679 1672 magli-

928 1676 1100 1717 stratui55
1128 1674 1201 1709 Cic.
1230 1675 1277 1708 ad
1305 1675 1390 1710 fam.
1418 1674 1477 1717 11,
1507 1679 1561 1717 16,
1583 1678 1603 1708 2
1630 1673 1676 1708 L.

927 1722 1064 1756 Lamia
1089 1734 1112 1757 a
1142 1721 1304 1757 Gabinio
1330 1723 1474 1757 consule
1498 1722 1679 1766 relegatus

928 1773 978 1804 est
1005 1772 1064 1814 (58
1091 1781 1125 1804 v.
1154 1769 1267 1814 Chr.),
1293 1770 1388 1814 quod
1414 1773 1498 1804 ante
1522 1769 1563 1804 id
1588 1773 1671 1803 tem-

922 1828 997 1862 pus
1036 1818 1108 1852 civi
1145 1816 1312 1851 Romano
1351 1816 1489 1851 Romae
1525 1817 1679 1862 contigit

928 1865 1083 1906 nemini;
1110 1864 1188 1899 Liv.
1216 1863 1274 1907 25,
1304 1866 1336 1907 5,
1365 1868 1424 1906 10·
1452 1863 1513 1906 40,
1539 1867 1597 1905 41,
1620 1867 1676 1899 10.

979 1916 1032 1947 13.
1059 1923 1126 1946 ne.
1143 1911 1332 1958 Ηραΐεφιι]
1360 1891 1677 1946 nachdrfickliche

930 1960 1133 2003 Mahnung,
1156 1959 1198 2001 ja
1223 1959 1329 1993 nicht
1355 1959 1473 1993 daran
1499 1970 1543 1993 zu
1569 1957 1678 1993 zwei-

926 2007 1020 2050 feln,
1056 2005 1131 2041 dass
1168 2018 1206 2041 es
1242 2005 1323 2041 sich
1354 2005 1415 2041 bei
1446 2004 1678 2050 Anordnung

928 2054 993 2089 der
1018 2053 1250 2098 Aushebung
1281 2065 1350 2088 nur
1382 2054 1513 2088 darum
1539 2053 1677 2098 gehan-

928 2102 1006 2136 dclt
1038 2102 1153 2146 habe,
1190 2102 1249 2136 die
1282 2101 1477 2136 Annahme
1510 2101 1574 2136 des
1608 2100 1677 2135 Ge-

929 2152 1047 2185 setzes
1074 2161 1119 2183 zu
1145 2148 1428 2184 hintertreiben.

976 2198 1017 2232 in
1042 2196 1198 2242 inteyro]
1229 2196 1281 2231 ‘in
1306 2196 1407 2231 ihrer
1432 2195 1573 2240 Hand'3
1600 2195 1677 2240 vgl.

928 2257 972 2279 zu
998 2245 1092 2289 Kap.
1119 2248 1151 2287 8,
1180 2248 1211 2278 9.

973 2291 1117 2338 iuqum]
1129 2291 1188 2325 die
1198 2290 1447 2325 willkiirliche
1456 2289 1678 2325 Herrschaft

927 2339 991 2374 der
1016 2339 1202 2381 Konsuln3
1230 2338 1289 2373 die
1315 2339 1525 2373 Redensart
1550 2339 1677 2383 iuyum

926 2387 1088 2431 accipere
1113 2387 1227 2421 schon
1254 2385 1345 2430 Kap.
1374 2389 1406 2429 9,
1435 2389 1467 2420 6.

976 2438 1030 2468 14.
1057 2433 1210 2479 cavisse]
1240 2433 1387 2468 ‘hatten
1408 2432 1593 2476 Vorsorge
1614 2442 1677 2475 ge-

925 2481 1090 2525 troffen’‚
1118 2480 1234 2514 durch
1256 2480 1315 2514 die
1336 2479 1587 2524 Niederlagen
1608 2479 1674 2513 der

927 2526 1092 2562 'aus-‘eren
1117 2527 1269 2562 Feinde.

974 2621 1033 2657 11.
1063 2625 1093 2656 1.
1122 2622 1163 2656 in
1188 2624 1379 2665 conspectu
1404 2620 1543 2666 eorum]
1569 2623 1674 2654 115111-

924 2667 1001 2702 lich
1013 2668 1079 2703 auf
1088 2668 1172 2702 dem
1183 2668 1391 2702 Komitium
1402 2668 1490 2712 (vgl.
1506 2667 1540 2710 2,
1556 2671 1612 2709 28,
1625 2669 1674 2711 6),

926 2715 1103 2750 w'ahrend
1130 2714 1190 2750 die
1211 2715 1398 2750 Tribunen
1419 2714 1488 2750 auf
1503 2715 1587 2750 dem
1607 2714 1675 2750 Fo-

925 2775 1004 2797 rum
1035 2774 1167 2797 waren.

972 2810 1169 2856 habebant]
1190 2809 1338 2855 Imperf.
1361 2810 1406 2845 de
1428 2810 1575 2853 conatu,
1598 2810 1674 2844 ‘be-

926 2857 1102 2902 gannen’.

1335 2916 1383 2950 2*

1580 482 1682 536 quia
1709 493 1752 525 11

1013 659 1174 700 bellum
1206 658 1392 700 innoxiis
1425 659 1680 701 Antiatibus
1708 670 1753 703 12
