1799 3105
149 79 231 121 106
665 81 810 115 LIBER
836 82 879 116 ΙΙ.
930 81 1030 119 ΟΑΡ.
1058 88 1114 119 46.
1141 88 1184 118 47

1533 99 1559 118 a.
1586 100 1616 118 u.
1642 93 1706 120 274.

146 201 276 240 pugna
315 191 391 228 iam
430 191 468 228 in
502 203 658 241 manus,
697 192 771 229 iam
811 191 856 229 ad
890 191 1056 244 gladios,
1095 192 1162 231 nbi
1194 192 1296 232 Mars
1329 198 1387 231 est
1420 194 1703 246 atrocissimus,

98 257 119 287 4
146 255 316 287 venerat.
355 251 458 287 inter
491 251 683 299 primores
715 262 838 300 genus
872 250 1034 289 Fabium
1068 253 1219 301 insigne
1252 251 1475 303 spectaculo
1508 251 1702 303 exemplo-

147 320 221 358 que
255 307 405 346 civibus
438 314 531 346 erat.
574 321 620 346 ex
653 308 714 346 his
746 308 934 353 Quintum
968 309 1131 348 Fabium
1158 333 1212 337 —
1240 311 1356 349 tertio
1389 310 1451 349 hie
1484 323 1587 350 anno
1613 316 1701 350 ante

145 366 281 405 consul
314 367 436 405 fuerat
468 389 521 393 -—
550 369 768 418 principem
800 369 840 406 in
873 369 1071 407 consertos
1104 368 1285 408 Veientes
1318 374 1476 408 euntem
1509 370 1617 408 ferox
1649 371 1703 408 vi-

145 425 254 463 ribus
293 431 332 463 et
369 438 568 463 armorum
606 431 688 464 arte
722 425 891 478 Tuscus,
930 429 1132 466 incautum
1171 429 1274 466 inter
1306 427 1448 466 multas
1480 433 1702 467 versantem

145 485 317 522 hostium
349 496 500 535 manus,
532 484 660 535 gladio
693 497 762 535 per
795 491 932 536 pectus
963 487 1174 538 transfigit,
1207 486 1284 525 telo
1311 491 1486 525 extracto
1513 498 1702 538 praeceps

97 551 117 581 5
145 542 288 581 Fabius
322 545 361 580 in
394 543 536 581 vulnus
569 543 674 582 abiit.
714 546 837 583 sensit
869 550 1036 596 utraque
1070 547 1174 584 acies
1206 547 1324 584 unius
1356 546 1430 584 viri
1462 557 1608 598 casum,
1641 557 1701 584 ce-

95 728 114 758 6

95 963 113 973 ν-

100 972 109 992 1

69 1190 115 1225 47

93 1315 113 1345 :Q

144 601 339 652 ‹lebatque
378 602 467 640 inde
494 601 710 654 Romanus,
752 616 841 641 cum
874 603 921 642 M.
955 603 1098 642 Fabius
1138 604 1274 643 consul
1308 604 1506 643 transiluit
1537 605 1703 643 iacentis

143 672 287 711 corpus
320 660 550 712 obiectaque
583 673 715 712 parma
747 662 851 713 „boc
886 660 1079 701 iu1·astis“
1109 665 1255 714 inquit,
1286 662 1473 716 „milites,
1506 663 1702 714 fugientes

142 732 209 757 vos
248 721 286 757 in
326 726 453 758 castra
492 718 722 759 redituros?
783 721 878 759 adeo
917 723 1188 772 ignavissimos
1227 722 1352 760 hostis
1389 723 1513 772 magis
1554 723 1702 760 timetis

142 791 258 829 quam
290 778 420 817 lovem
452 778 711 830 Martemque,
750 792 821 830 per
853 792 952 831 quos
985 779 1173 819 iurastis?
1234 787 1272 819 at
1305 793 1375 831 ego
1408 783 1602 820 iniuratus
1635 785 1703 819 aut

142 839 267 876 victor
306 843 498 889 revertar,
538 844 603 876 aut
636 850 758 889 prope
792 844 830 876 te
864 839 944 890 bic,
983 838 1126 884 Quinte
1161 839 1271 891 Fabi,
1310 840 1499 879 dimicans
1531 835 1705 878 eadamf‘

142 896 294 935 consuli
321 903 403 935 tum
431 896 552 935 Caeso
574 897 717 935 Fabius
744 898 888 948 prioris
915 899 1006 936 anni
1032 898 1186 937 consul:
1211 898 1418 950 „verbisne
1444 899 1542 950 istis,
1569 898 1702 950 frater,

143 961 185 994 nt
223 962 416 1006 pugnent,
456 962 492 994 te
531 957 834 1006 impetraturum
872 954 1029 995 credis?
1091 957 1145 995 dii
1178 957 1461 1009 impetrabunt,
1499 969 1570 1007 per
1603 968 1702 1008 quos

141 1016 338 1066 iuravere,
372 1020 409 1053 et
443 1027 531 1065 nos,
565 1020 605 1053 ut
640 1014 753 1053 decet
786 1027 984 1066 procereS,
1017 1021 1061 1054 ut
1094 1015 1213 1054 Fabio
1247 1017 1404 1055 nomine
1437 1021 1497 1054 est
1529 1015 1703 1066 dignum,

142 1073 350 1123 pugnando
389 1075 521 1124 potius
561 1086 676 1124 quam
717 1073 958 1112 adhortando
1001 1075 1261 1113 accendamus
1304 1075 1472 1113 militum
1514 1071 1704 1113 animos.“

141 1133 196 1170 sic
230 1133 269 1170 in
303 1134 474 1183 primum
506 1133 659 1171 infestis
692 1132 814 1171 hastis
847 1132 1052 1183 provolant
1084 1134 1161 1171 duo
1188 1134 1309 1186 Fabii,
1342 1139 1543 1184 totamque
1574 1145 1703 1171 move-

143 1197 233 1229 runt
275 1204 409 1230 secum
451 1193 585 1230 aciem.
647 1191 800 1229 Proelio
839 1204 885 1229 ex
918 1197 1028 1242 parte
1061 1205 1138 1230 una
1171 1195 1355 1231 restituto
1388 1192 1510 1231 nihilo
1543 1193 1704 1242 segnius

141 1251 180 1287 in
219 1262 341 1289 cornu
381 1250 503 1288 altero
536 1250 603 1289 Cn.
637 1249 803 1288 Manlius
836 1250 973 1289 consul
1006 1263 1177 1301 pugnam
1210 1251 1353 1303 ciebat,
1397 1251 1464 1290 ubi
1495 1262 1618 1302 prope
1652 1251 1702 1289 si-

142 1308 243 1347 milis
278 1309 432 1347 fortuna
466 1315 525 1347 est
558 1314 720 1347 versata.
777 1321 866 1347 nam
900 1315 942 1347 ut
975 1309 1097 1348 altero
1131 1311 1170 1348 in
1203 1323 1327 1349 cornu
1360 1309 1403 1355 Q.
1437 1309 1613 1361 Fabium,
1645 1310 1702 1348 sic

141 1369 180 1405 in
212 1368 285 1406 hoc
319 1369 448 1419 ipsum
482 1368 684 1406 consulem
710 1367 897 1406 Manlium
929 1370 1005 1406 iam
1038 1368 1143 1407 velut
1171 1369 1279 1407 fusos
1306 1374 1486 1419 agentem
1511 1368 1636 1408 hostis
1663 1372 1703 1407 et

141 1428 293 1477 inpigre
326 1427 470 1465 milites
509 1428 635 1465 secuti
669 1432 758 1465 sunt
792 1432 847 1477 et,
887 1432 931 1465 ut
968 1427 1032 1465 ille
1070 1429 1178 1478 gravi
1210 1427 1370 1466 vulnere
1404 1429 1506 1466 ictus
1538 1439 1586 1465 ex
1618 1428 1700 1466 acie

141 1487 271 1537 cessit,
293 1486 545 1524 interfectum
566 1487 640 1524 rati
661 1485 825 1535 gradum
846 1485 1051 1538 rettulere3
1073 1488 1364 1538 cessissentque
1385 1486 1482 1538 loco,
1503 1487 1544 1524 ni
1564 1485 1704 1524 consul

141 1621 200 1656 die
228 1622 268 1658 Ε.
294 1633 330 1656 u.
357 1634 382 1658 s,
410 1634 471 1665 w.,
508 1634 534 1657 s.
562 1634 604 1656 zu
631 1633 660 1656 c.
691 1626 750 1666 14,
783 1627 814 1657 6.
843 1643 885 1647 -

140 1670 182 1702 in
212 1680 342 1704 manus
373 1681 404 1704 v
398 1696 422 1712 ,
455 1681 481 1705 s.
508 1682 551 1704 zu
577 1681 606 1704 c
633 1669 886 1712 30‚12,bei

141 1716 228 1751 Tac.
255 1716 455 1751 mehrmals
482 1717 526 1752 H.
554 1721 586 1758 4,
615 1721 674 1758 7l;
704 1721 756 1751 76.
793 1717 885 1751 Anu.

142 1767 174 1811 2
201 1769 255 1805 80.
291 1763 379 1802 Sall.
405 1765 437 1800 J.
464 1768 521 1807 89,
548 1768 580 1801 2,
609 1769 686 1806 101,
713 1764 887 1799 4.——ad

139 1816 283 1860 9ῐαᾱίοε
308 1826 357 1857 v„
389 1809 453 1847 tin.
480 1813 547 1856 εἰρ.
599 1812 680 1856 Vgl.
709 1817 747 1854 9,
775 1814 837 1854 39,
864 1815 884 1845 6

139 1863 275 1908 ylacliis
294 1873 425 1906 puyrta
448 1862 571 1905 eoepit.
600 1864 632 1903 9,
633 1841 709 1903 041,
732 1861 774 1894 18
796 1870 829 1892 u.
852 1862 884 1893 6

139 1910 276 1955 yladt'is
302 1920 357 1944 res
382 1910 531 1954 yeritar.

189 1961 220 1990 4.
247 1958 390 2002 insigne
415 1955 465 1990 ist,
490 1955 589 1989 wohl
607 1954 677 1989 mit
693 1954 789 1988 inter
804 1954 883 1998 pri-

140 2015 252 2039 mores
284 2016 326 2038 zu
357 2002 574 2045 verbinden,
607 2002 681 2046 vgl.
709 2005 747 2044 9,
773 2005 835 2044 22,
863 2005 882 2035 7

140 2051 318 2095 insiynem
337 2051 430 2084 inter
449 2059 532 2084 suos
551 2029 697 2083 cientem
708 2058 881 2092 pugnam.

142 2119 184 2123 —
223 2101 371 2141 spectac.
411 2096 600 2149 exemploq.
634 2099 727 2138 erat,
771 2094 883 2129 Dativ

142 2146 182 2189 [s
210 2143 397 2188 Anhang]
424 2163 465 2167 —
485 2143 702 2187 principem,
731 2141 793 2175 ‘an
819 2141 884 2175 der

141 2191 679 2236 891123ζ3.Ζι11,12,2.-
701 2191 857 2223 euntem.

139 2250 159 2272 z·
163 2250 199 2273 et
201 2242 349 2280 samem,
358 2236 571 2281 Asyndeton
580 2235 643 2270 der
649 2234 885 2279 Pa1tieipien,

140 2297 202 2319 um
223 2285 289 2319 das
302 2284 432 2319 rasche
447 2283 640 2317 Eintreten
654 2282 718 2317 der
732 2282 884 2316 zweiten

140 2332 342 2376 Handlung
367 2342 410 2365 zu
435 2329 667 2371 bezeichnen,
695 2333 732 2371 4,
759 2332 823 2370 41,
851 2332 883 2363 4.

143 2383 175 2421 6,
204 2383 235 2422 7,
261 2383 292 2414 3.
321 2383 352 2421 8,
379 2381 435 2419 39,
459 2381 490 2411 2.
519 2381 574 2419 29,
596 2380 626 2419 7,
647 2380 678 2411 6.
705 2379 832 2419 37‚13,
853 2379 884 2410 9.

143 2447 185 2450 —
201 2427 402 2467 incautum,
423 2424 488 2458 das
509 2423 591 2469 Adj.
614 2422 804 2458 adverbial
823 2434 885 2468 ge-

142 2473 299 2508 braucht
317 2472 416 2507 beim
436 2470 559 2506 Partic
577 2498 583 2513 ,
611 2482 637 2505 s.
658 2482 701 2504 zu
725 2474 754 2513 l,
775 2474 832 2512 21,
855 2474 884 2503 1.

143 2540 186 2544 -
214 2530 274 2554 ars
299 2529 494 2560 armorum,
521 2518 579 2552 bei
600 2517 640 2551 L.
661 2517 886 2562 ungew6hn-

142 2566 218 2601 lich
238 2568 330 2601 stat‘t
350 2576 411 2600 ars
430 2565 614 2606 militaris,
635 2565 728 2605 belli,
749 2564 885 2598 bellica.

143 2633 187 2638 —
206 2624 327 2657 praee.
354 2613 396 2646 irt
420 2623 452 2648 υ.
479 2612 582 2653 abiit,
607 2613 724 2646 stiirzt
744 2621 885 2644 zusam-

142 2671 238 2702 men,
265 2659 388 2694 indem
415 2659 479 2694 der
497 2658 599 2703 Kopf
615 2657 681 2692 auf
697 2657 756 2692 die
776 2657 885 2691 Brust

143 2707 254 2749 sinkt,
274 2706 347 2751 vgl.
365 2711 395 2750 1,
417 2709 473 2748 58,
496 2709 535 2739 11
554 2705 731 2748 prolapsa
750 2705 790 2738 in
808 2704 884 2738 vul-

142 2763 222 2786 nus.
266 2753 390 2797 Vergl.
411 2753 521 2797 Verg.
545 2755 598 2794 10,
619 2755 687 2786 488
708 2750 885 2794 (dieselbe

143 2798 328 2834 Situation
360 2799 528 2842 poetisch
553 2798 783 2842 dargestellt)
809 2807 883 2832 eor-

141 2846 219 2880 ruit
245 2846 285 2879 in
312 2847 447 2880 volnus.
484 2847 589 2880 Lucr.
611 2849 645 2888 4,
667 2849 756 2879 1042
783 2855 884 2878 nam-

959 1634 1025 1667 que
1067 1633 1186 1658 omnes
1224 1624 1433 1668 plerumque
1475 1623 1612 1664 eadunt
1660 1623 1704 1658 irt

958 1670 1097 1705 volnus.

1007 1721 1037 1753 5.
1065 1722 1097 1752 6.
1121 1729 1264 1762 parma,
1283 1717 1348 1752 der
1368 1716 1513 1760 Consul,
1533 1716 1599 1752 der
1616 1727 1703 1752 vom

959 1765 1091 1800 Pferde
1129 1774 1364 1810 gesprungen
1400 1775 1495 1806 vva-r,
1534 1763 1703 1809 keimpfte

958 1812 1027 1847 mit
1046 1812 1131 1847 dem
1150 1810 1398 1846 Reiterschild.
1417 1823 1462 1845 zu
1475 1811 1589 1846 Fusse
1609 1812 1703 1855 (um-

958 1859 1116 1904 gekehrt
1145 1859 1214 1893 hat
1239 1858 1416 1893 Camillus
1443 1861 1482 1900 6,
1515 1861 1554 1902 8,
1589 1862 1610 1893 6
1637 1857 1704 1892 das

959 1906 1152 1951 ergriffene
1178 1909 1317 1940 scutum
1341 1905 1501 1949 pedestre
1524 1904 1576 1939 im
1602 1904 1703 1940 Effer

958 1954 1053 1988 auch
1068 1953 1134 1987 auf
1145 1953 1228 1987 dem
1243 1952 1373 1987 Pferde
1388 1952 1483 1987 noch
1498 1951 1703 1996 behalten),

957 2000 1031 2045 vgl.
1042 2005 1073 2043 4,
1083 2004 1139 2043 38,
1148 2004 1179 2034 3.
1192 2021 1232 2026 -
1244 2000 1364 2034 Ueber
1373 1999 1436 2033 das
1445 1998 1702 2033 abbreehende

956 2051 994 2081 at
1020 2059 1047 2081 s.
1068 2059 1110 2080 zu
1133 2051 1164 2090 1,
1185 2051 1241 2090 28,
1262 2050 1294 2080 9.
1317 2065 1361 2070 -
1380 2045 1569 2080 iniuratus
1587 2046 1704 2089 (ace),

956 2105 1023 2128 nur
1042 2093 1137 2128 noch
1161 2097 1214 2135 10,
1236 2097 1292 2136 41,
1315 2096 1369 2136 10,
1390 2092 1485 2126 auch
1505 2091 1591 2136 Cio„
1611 2104 1639 2127 z.
1660 2092 1701 2128 B.

954 2153 988 2185 p.
1016 2140 1105 2175 Sull.
1135 2144 1189 2182 11,
1215 2143 1271 2174 34.

1005 2192 1036 2222 7.
1080 2187 1342 2231 impetrabunt,
1374 2185 1454 2220 hier
1483 2185 1523 2220 111
1548 2185 1703 2221 andei-er

958 2234 1176 2278 Bedeutung
1219 2233 1273 2268 als
1316 2232 1381 2267 der
1422 2231 1704 2278 gew6hnliohen

958 2280 1038 2325 (auf
1059 2281 1263 2325 giitlichem
1290 2279 1407 2324 Wege
1437 2280 1551 2314 durch
1578 2278 1703 2314 Bitten

958 2328 1047 2362 oder
1054 2327 1319 2372 Ueberredung
1333 2327 1520 2371 erlangen,
1535 2326 1604 2361 wie
1621 2336 1702 2362 vor-

958 2375 1023 2409 her
1037 2376 1338 2419 impetraturum).
1355 2393 1398 2398 ——
1411 2375 1475 2416 sie,
1496 2385 1522 2408 s.
1538 2385 1583 2407 zu
1597 2384 1626 2409 c.
1647 2377 1702 2418 10,

961 2426 1001 2456 11
1029 2423 1093 2456 ita.
1122 2442 1163 2446 —
1190 2422 1232 2456 irt
1251 2422 1432 2465 primum,
1464 2433 1492 2454 s.
1518 2431 1561 2455 zu
1586 2431 1617 2454 c.
1644 2423 1700 2463 20,

963 2473 1016 2504 10.
1045 2489 1086 2494 —
1113 2479 1202 2503 mov.
1229 2479 1358 2511 seeum,
1388 2467 1543 2502 ‘setzten
1568 2466 1637 2501 mit
1661 2465 1700 2500 in

958 2515 1199 2560 Bewegung’,
1225 2515 1298 2560 vgl.
1319 2518 1352 2558 4,
1374 2518 1428 2558 33,
1450 2517 1482 2549 5.
1509 2517 1565 2556 30,
1585 2516 1641 2555 34,
1661 2517 1700 2555 43

958 2563 1170 2597 schwacher
1186 2561 1240 2596 als
1259 2572 1376 2596 secum
1395 2571 1532 2605 rapere,
1551 2560 1702 2595 trahere.

1004 2609 1068 2645 47.
1111 2613 1211 2644 1—3.
1250 2608 1377 2650 ciebat,
1404 2619 1431 2641 3.
1456 2618 1500 2641 zu
1527 2610 1557 2649 1,
1586 2610 1641 2649 12,
1667 2611 1701 2640 2.

960 2677 1002 2681 —
1021 2657 1117 2691 velut
1135 2656 1175 2698 fi,
1197 2655 1252 2690 ‘so
1272 2657 1340 2699 gut
1358 2654 1427 2689 wie
1447 2653 1699 2698 geschlagen’.

958 2723 1001 2728 —
1034 2713 1114 2738 cess.
1148 2703 1233 2744 loeo,
1264 2712 1336 2736 von
1369 2700 1433 2734 der
1463 2700 1577 2734 ihnen
1601 2699 1700 2735 beim

956 2749 1121 2794 Beginne
1140 2748 1205 2783 der
1224 2747 1402 2782 Schlacht
1419 2747 1701 2790 angewiesenen

958 2796 1139 2840 Stessung,
1161 2795 1219 2829 die
1239 2794 1292 2828 sie
1311 2793 1371 2828 bei
1391 2793 1456 2828 der
1470 2793 1703 2838 Verfolgung

957 2843 1143 2878 νει-1333311
1180 2842 1310 2876 hatten
1347 2840 1422 2875 und.
1459 2839 1526 2875 auf
1555 2839 1615 2875 die
1646 2838 1702 2875 313
