1799 3105
0 2611 6 2614 ,
54 2575 121 2610 <las
141 2575 285 2610 Verbot
311 2574 433 2610 dieses
453 2575 642 2611 Brauches
661 2576 722 2610 fiir
742 2576 803 2611 die

45 191 353 217 a.chr.n.433—431.
564 177 707 212 LIBER
732 177 794 211 IV.
839 176 941 212 CAP.
970 181 1025 212 25.
1053 181 1108 212 26.
1561 182 1615 221 47

46 287 217 342 plebeio
251 286 304 327 ad
338 301 434 328 eum
460 287 667 328 honorem
696 286 838 327 aditus
865 287 1012 328 fuerit:
1039 287 1222 328 multum
1250 287 1491 341 providisse
1518 302 1617 328 suos
1647 299 1688 329 11

47 346 250 400 maiores,
285 346 358 400 qui
392 346 600 400 caverint,
631 360 684 387 ne
719 345 785 387 cui
817 345 999 401 patricio
1038 346 1181 401 plebei
1219 347 1503 401 magistratus
1543 362 1617 402 pa-

47 408 208 460 terent,
249 408 325 446 aut
356 405 561 460 patricios
593 405 813 446 habendos
846 405 978 447 fuisse
1018 406 1214 447 tribunos
1253 405 1390 460 plebi,
1429 406 1534 447 adeo
1575 421 1618 447 se

48 465 137 506 suis
171 465 302 506 etiam
337 464 526 519 sordere,
558 479 635 506 nec
669 478 692 505 a
724 464 850 519 plebe
883 465 1026 506 minus
1061 480 1189 520 quam
1224 480 1247 506 a
1284 465 1483 519 patribus
1523 480 1618 507 con-

48 524 197 566 temni.
260 524 334 565 alii
365 538 552 579 purgare
585 523 774 578 plebem,
808 523 978 578 culpam
1012 525 1056 564 in
1082 528 1227 579 patres
1254 527 1437 566 vertere:
1471 539 1617 566 eorum
1648 536 1690 565 1⁶3

51 583 288 625 ambitione
322 583 575 637 artibusque
606 583 719 636 fieri,
745 585 794 623 ut
821 583 1076 637 obsaeptum
1102 584 1220 638 plebi
1247 585 1305 626 sit
1332 584 1383 625 ad
1410 584 1617 626 honorem

47 643 148 698 iter,
188 643 224 684 si
264 642 380 697 plebi
423 643 634 697 respirare
678 642 730 683 ab
777 656 922 683 eorum
970 643 1117 684 mixtis
1162 644 1359 698 precibus
1405 644 1619 699 minisque

48 702 196 756 liceat,
228 716 459 743 memorem
495 715 588 742 eam
623 716 799 743 suorum
830 701 1037 743 inituram
1072 703 1278 758 suffragia
1305 718 1397 744 esse
1425 707 1467 745 et
1494 708 1618 758 parto

49 761 208 802 auxilio
242 761 471 816 imperium
506 775 675 816 quoque
709 761 982 802 adscitulam.
1045 762 1188 816 placet
1207 740 1444 804 Otollendae
1488 763 1620 804 ambi—
1648 773 1693 804 13

48 820 181 862 tionis
209 835 338 862 causa
362 820 561 862 tribunos
589 821 730 875 legem
758 821 1046 876 promulgaie
1078 836 1130 862 ne
1159 822 1225 863 cui
1252 822 1398 863 album
1425 823 1468 863 in
1488 822 1619 863 vesti-

26 882 242 922 ‘mentum
276 879 430 922 addere
469 880 696 934 petitionis
735 894 864 921 causa
907 880 1068 922 liceret.
1129 896 1263 935 parva
1307 896 1420 922 nunc
1464 897 1531 923 res
1579 864 1653 923 et

47 939 120 981 vix
163 939 273 981 serio
317 939 484 994 agenda
521 939 657 981 videri
698 939 857 995 possit,
896 955 1004 995 quae
1043 944 1146 982 tunc
1183 941 1352 996 ingenti
1391 941 1579 982 cert-ami
1568 956 1621 982 ne

48 1001 196 1053 patres
230 1013 278 1040 ac
316 999 487 1053 plebem
529 998 734 1040 accendit.
797 999 935 1041 vicere
974 1003 1121 1041 tamen
1159 1001 1342 1055 tribuni,
1386 1004 1434 1042 ut
1478 1001 1620 1055 legem
1650 1012 1694 1041 14

48 1058 310 1114 perferrent,
344 1058 666 1113 apparebatque
700 1058 889 1100 inritatis
923 1059 1078 1101 animis
1112 1059 1282 1115 plebem
1317 1060 1371 1101 ad
1404 1074 1504 1102 suos
1532 1063 1620 1101 stu-

49 1117 120 1159 dia
151 1117 470 1159 inclinaturam.
535 1133 643 1172 quae
683 1133 735 1159 ne
776 1118 913 1160 libera
953 1121 1113 1174 essent,
1154 1122 1329 1161 senatus
1376 1119 1621 1161 consultum

46 1177 210 1219 factum
244 1180 327 1231 est,
358 1180 408 1218 ut
441 1177 683 1218 consularia
719 1177 893 1219 comitia
924 1178 1199 1220 haberentur.

167 1236 397 1278 Tumultus
439 1251 568 1278 causa
607 1237 707 1291 fuit,
749 1252 873 1291 quem
914 1238 967 1279 ab
1000 1237 1164 1293 Aequis
1199 1241 1242 1279 et
1272 1238 1444 1281 Volscis
1478 1236 1695 1279 Latini‘26

48 1297 177 1351 atque
201 1295 382 1337 Hernici
412 1297 676 1338 nuntiarant.
708 1295 756 1338 Τ.
784 1296 1026 1352 Quinctius,
1053 1297 1159 1339 Luci
1178 1298 1312 1352 filius,
1341 1297 1620 1340 Cincinnatus
1649 1310 1668 1340 2

48 1379 93 1384 -
127 1355 264 1397 eidem
299 1358 342 1397 et
372 1355 517 1397 Poeno
552 1369 792 1409 cognomen
827 1357 998 1398 additur
1029 1381 1086 1385 —
1120 1359 1164 1398 et
1197 1356 1271 1399 On.
1302 1358 1440 1399 lulius
1473 1357 1621 1399 Mento

50 1415 249 1457 consules
280 1415 397 1457 facti.
448 1430 526 1457 nec
558 1415 673 1456 ultra
705 1418 846 1457 terror
872 1416 976 1458 belli
1004 1419 1070 1458 est
1096 1416 1267 1458 dilatus.
1318 1417 1414 1473 lege
1441 1420 1623 1470 sacrata,
1650 1431 1670 1461 3

50 1488 159 1529 quae
191 1474 381 1516 maxima
415 1475 527 1529 apud
561 1489 633 1516 eos
666 1474 730 1516 vis
764 1475 978 1530 cogendae
1006 1476 1190 1517 militiae
1218 1479 1328 1531 erat,
1362 1477 1522 1518 dilectu
1548 1476 1622 1517 ha-

48 1533 141 1576 bito
174 1533 393 1589 utrimque
424 1534 559 1575 validi
592 1534 805 1576 exercitus
837 1536 1021 1590 profecti
1052 1536 1098 1577 in
1129 1535 1337 1592 Algidum
1371 1550 1620 1591 convenere,

48 1593 194 1648 ibique
241 1608 434 1635 seorsum
475 1593 618 1648 Aequi
663 1609 858 1636 seorsum
895 1594 1046 1636 Volsci
1097 1598 1239 1637 castra
1291 1596 1621 1651 communivere,
1649 1611 1671 1640 4

49 1651 344 1708 intentiorque
378 1668 508 1708 quam
534 1668 740 1708 umquam
768 1657 895 1696 antea
922 1654 1143 1696 muniendi
1171 1655 1481 1710 exercendique
1507 1655 1621 1696 mili-

101 1832 154 1864 11.
203 1828 373 1874 multum]
411 1828 513 1871 sehr,
546 1828 658 1863 wohl.
717 1828 801 1873 Vgl.
877 1828 1097 1864 Diktatur
1148 1830 1225 1865 des
1278 1830 1322 1867 A.
1363 1831 1625 1866 Postumius

49 1875 144 1921 Kap.
171 1880 227 1918 27,
255 1880 287 1911 8.
877 1876 1115 1913 Tubertus,

97 1935 179 1981 aut]
195 1934 479 1980 widrigenfalls,
502 1937 618 1970 sonst.
631 1939 686 1979 42,
700 1940 755 1979 42,
770 1940 802 1971 9.
875 1915 1037 2006 Wfflml
1058 1925 1626 2009 §eggssfflllfrgsyaegfflffopffiss

1271 2003 1292 2018 τ,

875 2018 1040 2054 mfissten.

926 2071 956 2103 2
982 2068 1097 2113 filius]
1126 2068 1191 2102 der
1212 2068 1359 2111 zweite3
1389 2069 1532 2105 Bruder
1558 2069 1623 2104 des

876 2114 1011 2149 Lucius
1045 2116 1134 2160 (vgl.
1163 2116 1257 2161 Kap.
1278 2118 1386 2161 35,1)
1414 2117 1490 2151 und
1517 2117 1623 2152 Titus

876 2162 1058 2208 (Kap.49,
1083 2166 1125 2207 1,
1148 2168 1217 2199 428
1232 2163 1373 2199 wieder
1386 2164 1487 2199 Kons
1491 2165 1538 2207 ul,
1555 2169 1624 2201 426

876 2192 1196 2246 Konsular’tribun.

97 1995 254 2041 sordere]
261 1995 421 2038 wertlos,
429 1993 535 2039 gerin
539 2007 564 2039 g
572 1994 801 2030 erscheinen.

102 2046 156 2076 12.
204 2043 402 2077 ambitione
439 2042 667 2088 artibusque]
708 2041 800 2076 ‘ehr-

51 2088 195 2134 geizige
210 2089 446 2135 Bewerbung
459 2090 536 2123 und
547 2089 800 2135 Kunst-griffe',

50 2137 168 2172 nither
199 2137 340 2171 erklart
370 2137 426 2172 als
454 2135 541 2172 ‘mit
574 2137 803 2182 Drohungen

52 2184 260 2230 gemischte
286 2184 437 2220 Bitten'.

101 2247 156 2279 13.
183 2244 322 2296 album]
345 2243 414 2279 Die
436 2244 716 2298 Bewerbeer
736 2245 801 2279 das
924 2263 955 2292 3
977 2259 1078 2303 apud
1091 2259 1475 2305 303]=a1mdAequos
1495 2265 1526 2296 et
1544 2260 1624 2296 Vol„

51 2290 409 2343 Konsumrtnbunal'
451 2303 567 2344 ZPgen
589 2339 596 2346 ,
612 2293 672 2327 dle
711 2292 801 2345 Auf’
875 2316 961 2341 εσσε.
988 2305 1094 2340 Doch
1112 2306 1237 2342 finden
1253 2306 1334 2341 sich
1346 2307 1626 2342 Aushebunoen

50 2337 322 2392 merksamkelt
357 2338 423 2372 auf
454 2340 551 2383 sich,
586 2340 711 2375 mdem
749 2350 802 2374 Sie
874 2353 973 2387 nach
1000 2354 1085 2388 dem
1104 2353 1273 2399 heiligen
1294 2354 1426 2390 Gesetz
1447 2336 1626 2390 auchessei

54 2396 135 2439 em‘?
168 2385 275 2430 Toga
301 2387 456 2438 trugas,
489 2387 650 2441 wetehel‘
685 2387 802 2422 dUI'Ch
876 2400 949 2435 den
973 2401 1178 2436 Etruskern
1209 2404 1256 2447 (9,
1284 2406 1340 2445 39,
1368 2404 1414 2448 5),
1446 2402 1627 2448 Ligurem

52 2433 234 2468 Bleichen
258 2434 329 2467 m1t
352 2433 490 2468 Kreide
523 2445 583 2469 em
614 2435 803 2470 blendend
877 2450 946 2492 (36,
969 2453 1023 2493 38ἱ
1047 2451 1081 2493 1)
1108 2449 1184 2483 und
1212 2449 1407 2484 Samnsten
1434 2451 1503 2494 (10,
1526 2453 1581 2493 38,
1604 2454 1626 2485 3

53 2480 194 2516 weffier
230 2480 364 2533 ‚Glanz
414 2480 607 2534 verfiehen
651 2482 803 2516 WOTden
876 2496 1009 2531 dilectu
1034 2507 1104 2541 per
1135 2507 1237 2532 omne
1270 2497 1465 2532 Samnium
1501 2498 1627 2533 habito

52 2539 140 2565 war.
176 2527 260 2561 er
284 2528 484 2563 verstehen
509 2529 633 2571 nicht,
662 2541 803 2564 warum
876 2554 969 2578 ,ww
1003 2544 1093 2589 1393,
1130 2548 1190 2587 ut,
1223 2545 1288 2588 qui
1324 2545 1512 2580 ium-orum
1551 2556 1628 2580 mm

53 2622 312 2668 plebejischen
343 2623 540 2658 Bewerber
571 2623 630 2657 ein
662 2623 804 2658 Vorteil
877 2592 1450 2674 οἵιζέυῇξῑεῗὲξαζὲαἳᾜῗζεῖξοτῖΐ
1470 2591 1627 2675 (3ίέῑοῖᾮῖ

53 2681 147 2714 war,
175 2670 224 2705 da
249 2669 302 2705 sie
325 2670 366 2715 ja
392 2671 488 2704 auch
511 2670 571 2705 die
592 2670 699 2716 Toga
719 2682 804 2705 can·
875 2649 1104 2728 {legardam
1127 2684 1178 2722 ib.
1205 2689 1224 2728 g
1252 2687 1322 2731 10),
1355 2667 1367 2683 ’
1437 2650 1494 2684 pu

55 2717 146 2771 dida
175 2719 308 2763 'fisa-gen
340 2717 522 2771 Ῑῑοῖωῗθᾙς
569 2717 643 2752 Das
671 2717 804 2771 Gesess'z
925 2732 965 2766 in
990 2733 1182 2779 Alyidum]
1216 2732 1291 2767 Der
1315 2734 1358 2768 A.
1384 2733 1436 2768 ist
1467 2732 1528 2768 ein
1560 2733 1626 2769 das

53 2765 158 2800 bheb
185 2766 282 2800 ohne
307 2765 459 2800 Zwelfel
486 2765 593 2800 n1cht
623 2765 734 2811 lange
766 2777 805 2800 1n
877 2779 1124 2814 Albanerthal
1169 2791 1242 2814 von
1285 2780 1499 2816 Nordosten
1549 2781 1608 2816 ein

54 2812 175 2847 Krast·
878 2825 1141 2862 schliessendes
1161 2826 1323 2872 Gebirge
1343 2827 1406 2862 bei
1425 2828 1625 2863 Tusculum

103 2871 210 2917 Kap.
249 2872 411 2908 26-29.
471 2872 557 2907 Das
592 2872 703 2907 Jahr
737 2876 805 2908 323
879 2873 917 2908 in
931 2873 1079 2908 Latium
1090 2903 1098 2918 ‚
1121 2878 1140 2908 6
1155 2874 1418 2920 Wegstunden
1436 2886 1508 2911 von
1519 2875 1626 2912 Rom.

56 2917 129 2953 der
167 2919 317 2964 Stadt,
356 2924 423 2955 431
451 2933 486 2956 v.
513 2918 629 2955 Chr.:
664 2919 807 2965 Krieg
926 2925 958 2958 4.
991 2922 1196 2968 muniendi]
1224 2923 1390 2967 absolut,
1417 2923 1625 2959 ‘Schanzen

54 2977 200 3011 gegen
215 2966 286 3002 die
307 2968 484 3012 Aequer
497 2967 585 3002 und
600 2967 805 3011 Volsker,
881 2969 1091 3006 errichten'.
1143 2975 1174 3014 5,
1197 2974 1228 3014 1,
1249 2973 1282 3006 8.
