1799 3105
124 130 151 149 a.
171 122 222 148 eh.
241 123 306 148 491.
328 119 400 153 (490.
426 117 505 152 489.)
521 122 584 147 488.
671 112 817 146 LIBER
844 112 887 147 II.
940 111 1042 148 CAP.
1070 117 1126 148 39.
1154 116 1210 149 40.
1644 115 1697 157 91

124 226 190 277 Sp.
222 224 389 264 Nautius
428 225 505 263 iam
544 229 583 263 et
622 224 709 263 SeX.
749 223 895 263 Furius
934 225 1117 264 consules
1157 231 1279 264 erant.
1341 237 1410 264 eos
1443 232 1698 266 recensentes
1725 236 1745 267 9

123 285 314 338 legiones,
347 284 544 336 praesidia
576 296 648 336 per
679 296 815 323 muros
848 284 1091 339 aliaque,uin
1124 285 1269 336 quibus
1302 287 1492 324 stationes
1530 286 1698 337 vigilias-

124 357 200 397 que
232 356 320 383 esse
351 344 570 395 placuerat,
604 344 689 383 loca
728 344 1005 383 distribuentis
1043 344 1256 384 multitudo
1295 346 1435 397 ingens
1468 358 1605 397 pacem
1631 359 1697 397 po-

122 405 322 444 scentium
353 405 527 455 primum
560 404 748 443 seditioso
788 403 959 443 clamore
999 406 1237 457 conterruit,
1278 405 1420 444 deinde
1458 418 1599 445 vocare
1640 419 1697 445 se-

122 469 276 516 natum,
309 464 460 503 referre
494 463 541 502 de
574 463 712 514 legatis
745 463 792 502 ad
826 463 893 502 Cn.
926 463 1118 502 Marcium
1150 465 1354 503 mittendis
1387 466 1527 516 coegit.
1590 478 1698 505 acce-
1728 474 1769 505 10

121 529 268 576 perunt
300 524 531 562 relationem
563 528 714 575 patres,
746 528 958 574 postquam
990 525 1173 574 apparuit
1205 524 1335 563 labare
1368 524 1495 576 plebis
1528 527 1697 577 animos,

121 585 313 636 missique
352 583 398 622 de
437 595 532 634 pace
571 582 619 621 ad
652 582 843 621 Marcium
881 588 1060 622 oratores
1105 588 1217 622 atrox
1255 597 1494 635 responsum
1534 585 1696 624 rettule-

121 648 233 683 runt:
266 645 300 682 si
320 642 470 681 Volscis
498 654 591 694 ager
623 642 876 695 redderetur,
909 655 1026 694 posse
1060 645 1122 693 agi
1155 643 1202 682 de
1231 656 1344 696 pace,
1378 646 1411 683 si
1437 645 1584 696 praeda
1603 645 1697 684 belli
1727 653 1767 684 11

120 716 192 755 per
225 704 349 742 otium
381 703 461 741 frui
491 702 629 754 velint,
663 714 880 741 memorem
913 715 954 741 se
988 708 1026 741 et
1059 704 1205 742 civium
1235 705 1401 743 iniuriae
1430 710 1469 743 et
1495 705 1697 756 hospitum

119 763 303 802 beneficii
335 762 586 813 adnisurum,
624 767 669 800 ut
707 768 895 813 appareat
933 762 1049 801 exilio
1089 762 1165 801 sibi
1197 764 1397 816 inritatos,
1436 777 1516 803 non
1549 765 1695 804 fractos

119 823 270 862 animos
303 834 400 861 esse.
463 823 610 861 iterum
643 821 784 860 deinde
817 822 937 861 iidem
969 824 1081 861 missi
1107 835 1186 861 non
1212 824 1462 874 recipiuntur
1489 826 1529 863 in
1556 830 1694 863 castra.
1725 832 1766 862 12

118 882 346 922 sacerdotes
379 894 537 934 quoque
571 883 653 921 suis
686 882 909 933 insignibus
943 882 1090 921 velatos
1129 884 1207 922 isse
1247 883 1447 934 supplices
1487 884 1534 923 ad
1567 889 1695 923 castra

116 942 291 982 hostium
321 941 513 981 traditum
546 947 627 994 est3
658 941 781 980 nihilo
814 943 938 993 magis
972 955 1090 994 quam
1127 942 1277 994 legatos
1319 942 1476 983 flexisse
1509 945 1694 983 animum.

116 1002 219 1042 Tum
249 1007 453 1041 matronae
486 1002 533 1041 ad
566 1001 767 1041 Veturiam
809 1007 977 1041 matrem
1009 1002 1209 1042 Coriolani
1241 1002 1567 1055 Volumniamque
1600 1016 1695 1043 uxo-
1717 1002 1767 1040 40

116 1074 202 1101 rem
234 1062 465 1114 frequentes
498 1067 655 1101 coeunt.
705 1061 744 1100 id
777 1061 982 1113 publicum
1015 1062 1225 1101 consilium
1258 1075 1305 1102 an
1336 1063 1543 1103 muliebris
1576 1065 1696 1103 timor

116 1122 256 1174 fuerit,
289 1134 430 1173 parum
462 1123 637 1174 invenio,
669 1123 874 1173 pervicere
907 1127 1033 1174 certe,
1066 1127 1110 1161 ut
1143 1128 1182 1162 et
1214 1122 1392 1175 Veturia,
1425 1136 1566 1175 magno
1599 1129 1695 1163 natu
1723 1133 1742 1163 2

116 1181 277 1234 mulier,
313 1187 352 1220 et
384 1181 591 1220 Volumnia
624 1181 724 1221 duos
756 1194 898 1233 parvos
932 1195 979 1221 ex
1012 1181 1159 1221 Marcio
1187 1182 1319 1221 ferens
1352 1183 1453 1222 tilios
1487 1196 1624 1222 secum
1655 1185 1696 1222 in

116 1247 246 1281 castra
279 1241 454 1280 hostium
486 1243 607 1294 irent,
641 1247 690 1293 et,
725 1243 912 1293 quoniam
944 1243 1064 1281 armis
1097 1243 1172 1280 viri
1205 1242 1417 1281 defendere
1452 1243 1592 1282 urbem
1618 1256 1696 1282 non

115 1306 295 1353 possent,
327 1300 515 1340 mulieres
547 1301 734 1352 precibus
766 1301 1020 1354 lacrimisque
1053 1302 1323 1341 defenderent.
1386 1303 1455 1341 ubi
1487 1303 1535 1342 ad
1568 1308 1697 1342 castra
1724 1313 1743 1343 3

115 1366 277 1400 ventum
317 1366 393 1413 est,
433 1362 738 1413 nuntiatumque
779 1360 986 1401 Coriolano
1029 1367 1089 1400 est
1128 1362 1265 1401 adesse
1304 1364 1444 1414 ingens
1483 1362 1697 1402 mulierum

115 1433 273 1473 agmen,
319 1420 396 1471 [in]
436 1422 582 1472 primo,
628 1426 673 1460 ut
712 1422 780 1472 qui
818 1434 890 1460 nec
930 1421 1087 1473 publica
1126 1424 1331 1461 maiestate
1371 1424 1410 1461 in
1451 1422 1589 1474 legatis
1622 1435 1695 1462 nec

115 1482 156 1520 in
201 1480 476 1520 sacerdotibus
526 1486 633 1520 tanta
688 1481 812 1520 offusa
863 1481 989 1521 oculis
1046 1483 1257 1534 animoque
1321 1482 1511 1534 religione
1563 1488 1695 1523 motus

114 1586 298 1630 genannt3
331 1584 402 1619 11111
432 1585 508 1619 iam
540 1584 670 1619 deutet
702 1595 741 1620 er
767 1584 868 1620 diese

113 1653 161 1658 —
174 1631 443 1678 geflissentlich
463 1632 657 1678 gelassene
684 1653 727 1658 —
740 1632 867 1668 Lfieke

114 1691 173 1715 an.

165 1731 220 1762 10.
265 1728 426 1772 accipere
468 1729 530 1763 rel.
543 1755 553 1771 ,
604 1728 865 1773 genehmigen,

114 1787 184 1810 nur
209 1774 308 1818 hiem
342 1776 476 1820 gesagt.
507 1776 605 1811 nach
637 1775 702 1811 der
727 1776 865 1811 Analo-

114 1823 175 1869 gie
200 1834 274 1858 von
299 1824 540 1868 roqationem,
564 1823 782 1858 sententiam
808 1835 865 1859 ae-

114 1872 242 1916 cipewqe
270 1870 335 1905 das
357 1870 581 1917 Gegentheil
606 1872 736 1906 reicere
757 1883 786 1907 c.
808 1876 865 1916 31,

115 1924 146 1955 9.
187 1939 231 1943 -
270 1919 440 1964 missique
478 1948 484 1954 .
519 1945 528 1954 .
567 1919 786 1954 rettulerunt
820 1936 864 1948 =

113 1967 283 2011 missique
308 1970 394 2001 sunt
415 1967 457 2002 de
473 1978 563 2011 paee
577 1970 748 2003 oratores.
782 1966 866 2002 Sed

115 2018 223 2050 atron
256 2025 347 2059 resp.
380 2015 618 2057 rettulerunt,·
656 2015 773 2050 durch
799 2027 866 2060 que

113 2062 208 2097 wird
233 2062 413 2097 zuweilen
440 2062 500 2097 ein
523 2061 701 2097 Gedanke
729 2064 866 2098 sammt

114 2110 256 2145 seinem
289 2109 518 2156 Gegensatze
556 2110 595 2145 in
634 2110 742 2146 einen
778 2111 864 2146 Satz

112 2169 513 2204 zusammengezogen;
544 2170 573 2193 c.
602 2162 659 2203 42,
686 2162 718 2194 9.
747 2163 780 2203 6,
806 2163 864 2204 36,

113 2210 136 2241 4
163 2207 372 2252 ingentique
398 2207 622 2241 contentione
648 2219 682 2242 u.
711 2218 739 2241 5.
765 2219 811 2243 w.

165 2258 218 2289 11.
248 2258 302 2289 12.
331 2265 432 2299 ayer,
459 2266 484 2290 5.
513 2266 543 2289 0.
570 2257 626 2299 25,
655 2259 685 2290 6.
712 2275 755 2279 -
784 2255 864 2290 ani-

113 2312 204 2345 mos,
239 2313 267 2338 5.
294 2314 342 2336 zu·
366 2305 398 2345 1,
424 2305 481 2345 25,
509 2306 540 2337 3.
571 2323 613 2328 ——
640 2303 777 2348 insiqn.
805 2304 864 2348 (=

113 2349 261 2394 infulis)
286 2350 439 2392 velatos,
463 2349 535 2384 wie
555 2361 635 2395 cap.
663 2354 719 2395 54,
746 2355 778 2386 4.
807 2355 864 2396 30,

114 2400 171 2440 36,
203 2401 226 2431 4
256 2397 391 2440 infulis
423 2400 455 2431 et
485 2398 610 2432 ramis.
644 2402 699 2441 31,
737 2402 792 2442 14,
821 2403 864 2433 12

112 2454 184 2479 sac.
206 2455 287 2479 eum
306 2445 514 2489 insiynibus
536 2446 624 2480 suis.
663 2450 720 2490 31,
744 2450 798 2491 17,
821 2450 861 2481 11

113 2503 194 2527 cum
219 2492 363 2536 infulis.
403 2495 460 2536 45,
487 2495 544 2536 26,
568 2497 600 2528 3.
621 2514 665 2519 -
687 2494 863 2538 animum,

112 2539 177 2575 des
206 2538 391 2576 Coriolan.

161 2587 225 2624 40.
255 2592 286 2622 1.
325 2588 366 2623 id
384 2588 470 2623 mul.
497 2588 605 2623 timor
630 2588 658 2631 f.
691 2588 758 2623 hat
784 2588 864 2623 sich

113 2635 403 2681 brachylogisch
423 2646 471 2671 an
486 2636 587 2680 publ.
615 2646 711 2670 con-3.
739 2664 746 2672 .
769 2663 775 2670 .
798 2647 863 2671 an-

113 2683 350 2728 geschlossen
383 2700 428 2713 =
461 2684 508 2718 ob
540 2682 619 2719 dies
653 2695 719 2718 aus
752 2684 863 2719 weib-

113 2731 230 2766 licher
267 2731 407 2767 Fureht
439 2731 662 2777 geschehen.
699 2752 742 2756 —
779 2743 861 2776 par.

113 2779 207 2823 inv.,
233 2779 308 2824 vgl.
335 2790 410 2814 non
435 2780 581 2814 invenio
610 2783 665 2823 10,
688 2783 719 2823 6,
741 2783 772 2815 7.
794 2791 864 2824 pa-

113 2837 196 2861 rum
233 2830 451 2872 compertum
488 2828 600 2862 habeo
639 2831 695 2871 30,
734 2831 792 2872 45,
831 2831 863 2863 6.

107 2884 247 2917 parum
272 2875 382 2919 liquet
410 2879 441 2919 1,
468 2879 525 2919 46,
551 2879 584 2910 4.

162 2924 194 2956 2.
220 2924 442 2967 pervincere,
474 2923 544 2958 11111
569 2926 611 2958 ut
636 2922 747 2967 (nach
773 2923 864 2958 Dra-

942 1587 1021 1630 ger)
1050 1587 1126 1621 erst
1151 1586 1228 1620 und
1254 1598 1324 1620 nur
1350 1586 1412 1621 bei
1436 1586 1494 1631 L.,
1530 1585 1592 1621 bei
1616 1586 1696 1621 ihm

941 1633 1047 1668 1110111
1068 1633 1189 1668 5611511
1211 1633 1411 1680 [Beispiele
1431 1634 1484 1668 im
1503 1634 1695 1681 Anhang]

943 1700 985 1706 —-
1013 1692 1145 1726 mayno
1171 1693 1206 1717 n.
1234 1682 1340 1725 mul„
1374 1682 1444 1717 wie
1471 1686 1527 1725 26,
1554 1686 1611 1726 49,
1640 1687 1695 1726 11,

944 1741 971 1764 5.
1004 1741 1049 1763 zu
1080 1740 1110 1764 c.
1144 1733 1201 1773 23,
1235 1734 1267 1764 3.
1304 1749 1344 1755 —-
1381 1741 1425 1764 επ
1453 1730 1619 1775 Marcio,
1646 1741 1693 1766 sc.

942 1778 1098 1822 yenitos‚
1129 1777 1204 1822 vgl.
1240 1781 1272 1821 5,
1305 1781 1362 1821 22,
1396 1782 1416 1812 2
1449 1778 1613 1821 familia,
1652 1789 1696 1813 ex

943 1835 1016 1869 qua
1040 1825 1151 1868 filius.
1203 1828 1266 1868 24,
1295 1828 1334 1869 8,
1359 1829 1401 1860 11
1429 1837 1473 1860 ex
1498 1837 1540 1861 ea
1566 1826 1695 1861 liberos

942 1873 1066 1916 habet,
1098 1872 1173 1918 vgl.
1207 1877 1238 1917 2,
1272 1876 1310 1916 4,
1346 1877 1377 1908 1.
1413 1877 1443 1917 1,
1477 1877 1534 1917 47,
1570 1878 1611 1908 11
1651 1884 1694 1909 ecc

942 1931 1012 1965 quo
1031 1922 1108 1965 ipse
1133 1921 1190 1957 sit.
1236 1920 1320 1965 Vgl.
1341 1920 1438 1956 auch
1465 1933 1509 1955 zu
1531 1925 1562 1965 1,
1583 1925 1640 1966 21,
1661 1925 1693 1956 3.

990 1972 1022 2003 3.
1050 1972 1083 2003 4.
1104 1969 1239 2013 primo,
1267 1969 1309 2003 in
1322 1980 1389 2004 vor
1397 1969 1532 2013 primo,
1551 1969 1617 2004 das
1633 1969 1692 2004 die

939 2016 1021 2051 Hss.
1042 2015 1176 2059 haben,
1197 2016 1247 2051 151
1266 2029 1310 2051 zu
1331 2016 1533 2060 streichen;
1561 2018 1603 2052 in
1618 2029 1694 2062 pr„

938 2063 1001 2098 bei
1032 2064 1072 2099 L.
1105 2076 1175 2099 nur
1205 2064 1320 2107 local,
1355 2077 1381 2101 5.
1415 2076 1445 2100 c.
1479 2068 1535 2108 20,
1565 2069 1620 2100 10.
1649 2086 1691 2091 —-

939 2115 980 2146 ut
1005 2113 1086 2156 qui,
1113 2124 1138 2148 5.
1167 2125 1211 2146 zu
1240 2117 1270 2157 1,
1291 2116 1348 2155 27,
1375 2117 1408 2148 9.
1429 2114 1536 2147 -in
1561 2113 1626 2159 leq.
1654 2143 1660 2148 .
1684 2142 1691 2148 .

939 2160 981 2194 in
1005 2161 1142 2195 sacerd.
1188 2160 1257 2195 Die
1290 2161 1390 2205 publ.
1416 2161 1503 2196 mai.
1530 2162 1606 2196 und.
1632 2161 1692 2197 die

939 2208 1067 2253 reliyio
1093 2208 1197 2243 stellt,
1222 2209 1301 2243 sich
1326 2208 1373 2243 in
1401 2209 1473 2243 den
1499 2234 1506 2242 .
1537 2238 1544 2245 .
1573 2237 1580 2245 .
1614 2209 1692 2253 dar,

939 2255 1086 2291 kommt
1124 2257 1168 2291 111
1206 2256 1321 2291 ihnen
1360 2269 1444 2291 zum
1481 2257 1692 2301 Ausdruck,

939 2303 991 2338 sie
1030 2304 1113 2339 sind
1151 2303 1211 2339 die
1249 2305 1574 2350 Reprasentanten
1611 2305 1693 2340 der-

939 2351 1076 2386 selben.
1111 2373 1155 2378 —
1187 2353 1333 2398 reliyio,
1374 2352 1434 2387 die
1471 2352 1692 2398 Heiligkeit,

939 2399 1006 2434 das
1050 2400 1198 2446 Heilige
1242 2399 1454 2446 (objectiv),
1506 2400 1572 2435 das
1619 2400 1692 2436 den

938 2447 1126 2483 Priestern
1150 2448 1330 2493 anhaftet,
1359 2465 1403 2477 =
1429 2448 1607 2483 sanctitas
1633 2453 1691 2493 44,

939 2498 995 2538 29,
1022 2499 1042 2529 2
1082 2496 1251 2531 indutias
1285 2496 1458 2541 religione
1492 2497 1562 2531 loci
1580 2507 1690 2540 prae-

938 2542 1048 2577 bente.
1071 2547 1127 2587 45,
1148 2547 1181 2586 4,
1203 2547 1235 2578 3.
1257 2564 1301 2569 —
1323 2544 1462 2587 offusa,
1488 2544 1553 2578 der
1573 2543 1689 2578 Glanz

938 2589 1005 2624 der
1013 2590 1221 2636 Heiligkeit
1235 2591 1440 2626 verbreitet
1454 2591 1534 2626 sich
1547 2591 1656 2625 fiber.
1669 2619 1689 2634 .‚

936 2648 1010 2672 von
1048 2637 1264 2673 demselben
1301 2639 1452 2673 werden
1490 2665 1497 2673 .
1531 2665 1538 2672 .
1583 2638 1690 2673 iiber-

936 2696 1089 2730 gossen,
1134 2686 1230 2721 nach
1274 2686 1339 2721 der
1388 2685 1570 2731 Analogie
1617 2697 1690 2721 von

938 2733 1051 2767 lucem
1076 2733 1264 2777 offundere
1297 2733 1371 2769 Cic.
1399 2733 1460 2768 fin.
1487 2737 1520 2778 3,
1549 2737 1604 2778 14,
1631 2737 1689 2770 45.

938 2781 1131 2825 ealiyinem
1175 2782 1289 2816 oculis
1327 2781 1514 2825 offundere
1552 2781 1592 2816 L.
1631 2786 1690 2825 26,

938 2831 996 2871 45,
1016 2832 1047 2863 3.
1101 2828 1149 2863 So
1177 2830 1263 2874 sagt
1287 2829 1326 2863 L.
1349 2840 1524 2873 pavorem
1549 2830 1610 2873 off.
1633 2833 1689 2875 10,

938 2879 977 2920 5,
1010 2879 1042 2910 7.
1099 2879 1270 2911 terrorem
1301 2880 1357 2921 39,
1393 2880 1448 2922 15,
1481 2881 1514 2912 4.
1548 2880 1604 2921 28,
1631 2881 1688 2921 29,

939 2927 970 2958 9.
1004 2934 1159 2959 errorem
1185 2928 1242 2967 34,
1270 2928 1302 2970 6,
1329 2928 1360 2959 3.
1384 2946 1427 2950 —
1448 2925 1533 2960 mai.
1559 2928 1688 2971 motus,
