1799 3105
95 111 121 129 a.
141 103 208 129 chr.
227 110 256 128 n.
276 103 337 128 458.
647 92 793 128 LIBER
817 92 881 128 III.
919 91 1021 127 CAP.
1048 95 1104 127 28.
1604 91 1660 132 49

99 203 232 245 citum
264 216 434 244 omnem
465 202 595 257 longo
630 202 798 257 agmine
832 201 1067 243 circumdat
1097 201 1286 243 hostium
1320 200 1470 242 castris
1501 202 1554 255 et,
1586 201 1661 242 ubi

98 262 271 317 signum
322 261 471 303 datum
516 262 590 312 sit,
635 262 867 303 clamorem
912 275 1061 303 omnes
1105 260 1256 302 tollere
1301 260 1432 313 iubet,
1477 259 1660 301 clamore

99 321 271 362 sublato
299 324 398 362 ante
427 336 470 362 se
498 335 707 376 quemque
733 321 886 362 ducere
911 320 1074 362 fossam
1102 323 1145 361 et
1170 320 1308 361 iacere
1334 320 1505 361 vallum.
1545 319 1659 361 edito
1687 332 1707 363 3

95 380 275 435 imperio
309 380 482 435 signum
514 385 707 422 secutum
740 383 815 421 est.
876 380 994 421 iussa
1026 379 1150 420 miles
1184 379 1443 434 exsequitur.
1499 379 1662 420 clamor

95 439 243 481 hostes
277 440 581 495 circumsonat,
627 442 801 493 superat
831 439 930 479 inde
964 442 1105 480 castra
1136 438 1327 480 hostium
1364 441 1407 479 et
1438 438 1482 479 in
1522 441 1663 480 castra

95 500 284 541 consulis
317 499 453 555 venit3
487 499 591 541 alibi
622 513 838 553 pavorem,
871 498 973 539 alibi
1005 498 1208 553 gaudium
1240 498 1393 553 ingens
1424 497 1541 538 facit.
1580 497 1662 539 Ro·
1688 510 1710 540 4

95 559 214 599 mani
259 558 426 600 civilem
472 573 563 599 esse
604 559 835 599 clamorem
877 560 1003 612 atque
1042 558 1245 598 auxilium
1285 557 1432 598 adesse
1470 557 1586 598 inter
1618 571 1662 598 se

97 618 367 672 gratulantes
412 618 524 659 ultro
572 632 623 658 ex
662 617 920 658 stationibus
960 630 1009 657 ac
1043 616 1202 671 vigiliis
1243 617 1448 658 territant
1480 616 1663 658 hostem.

96 678 245 719 consul
290 676 566 718 differendum
605 679 756 731 negat:
800 676 875 717 illo
915 675 1099 717 clamore
1136 690 1224 717 non
1264 676 1493 717 adventum
1534 676 1662 717 modo
1690 688 1710 719 5

99 736 351 790 significari,
385 736 458 777 sed
489 750 580 777 rem
613 737 667 777 ab
701 735 789 776 suis
822 737 1038 790 coeptam3
1077 735 1316 789 mirumque
1350 749 1460 790 esse,
1498 735 1543 776 ni
1575 736 1661 777 iam

97 796 306 836 exteriore
339 797 463 848 parte
496 798 638 836 castra
669 794 862 836 hostium
889 797 1204 849 oppugnentur.
1251 795 1397 849 itaque
1425 809 1544 835 arma
1565 809 1662 836 suos

96 868 249 909 capere
276 857 319 895 et
344 869 389 895 se
417 855 620 909 subsequi
648 854 778 896 iubet.
823 856 949 896 nocte
980 854 1136 894 initum
1168 854 1378 908 proelium
1411 857 1486 895 est.
1530 854 1663 908 legio·
1690 868 1711 899 6

97 913 224 955 nibus
265 914 489 956 dictatoris
527 915 713 956 clamore
752 914 1000 969 significant
1039 913 1092 954 ab
1126 927 1176 954 ea
1208 928 1376 968 quoque
1415 915 1537 967 parte
1575 927 1666 954 rem

95 973 142 1014 in
179 973 424 1015 discrimine
463 987 566 1015 esse.
629 974 715 1014 iam
756 988 799 1014 se
839 973 892 1014 ad
935 972 1203 1028 prohibenda
1244 972 1497 1014 circumdari
1537 987 1666 1027 opera
1693 987 1712 1018 τ

96 1032 238 1087 Aequi
269 1033 494 1088 parabant,
527 1047 623 1074 cum
650 1033 704 1074 ab
730 1032 933 1074 interiore
960 1033 1085 1074 hoste
1111 1032 1275 1086 proelio
1302 1035 1472 1086 coepto,
1505 1046 1558 1073 ne
1590 1047 1667 1087 per

96 1092 238 1133 media
277 1107 354 1133 sua
386 1098 530 1134 castra
567 1092 689 1133 fieret
727 1093 912 1146 eruptio,
955 1107 980 1134 a
1011 1092 1304 1133 munientibus
1337 1091 1390 1134 ad
1421 1095 1664 1146 pugnantes

96 1151 332 1193 introrsum
374 1152 487 1193 versi
526 1166 706 1193 vacuam
748 1154 919 1193 noctem
963 1152 1082 1206 operi
1126 1151 1294 1205 dedere,
1340 1155 1666 1207 pugnatumque

98 1225 195 1252 cum
237 1211 409 1252 consule
449 1211 502 1253 ad
533 1212 673 1252 lucem
707 1213 784 1252 est.
846 1211 942 1252 luce
974 1211 1117 1265 prima
1147 1211 1234 1251 iam
1267 1211 1578 1253 circumvallati
1612 1211 1666 1252 ab
1693 1226 1713 1258 8

98 1270 308 1311 dictatore
335 1273 476 1325 erant,
506 1275 549 1312 et
573 1271 644 1312 vix
671 1270 873 1312 adversus
899 1285 1033 1311 unum
1061 1271 1294 1312 exercitum
1319 1284 1514 1326 pugnam
1539 1271 1666 1311 susti-

96 1329 268 1371 nebant.
331 1332 423 1371 tum
456 1345 481 1372 a
513 1330 774 1380 Quinctiano
808 1330 1013 1380 exercitu,
1053 1330 1125 1384 qui
1158 1329 1384 1371 confestim
1419 1344 1444 1371 a
1475 1329 1665 1384 perfecto

98 1457 278 1494 einander
308 1458 470 1503 folgten,
503 1470 570 1493 vor
602 1458 679 1493 und
711 1458 844 1494 stellen

100 1507 180 1541 sich
199 1517 320 1551 gegen
334 1506 399 1540 das
412 1505 614 1540 feindliche
629 1506 749 1550 Lager
770 1507 844 1542 auf.

147 1554 252 1599 lonyo
263 1553 422 1599 aymine]
438 1553 510 1588 Um
522 1554 587 1588 das
598 1564 714 1598 ganze
725 1554 847 1599 Lager

100 1613 144 1636 zu
165 1599 433 1645 umschliessen,
456 1601 562 1636 stellt
576 1601 655 1635 sich
670 1602 734 1636 das
748 1601 847 1636 Heer

99 1649 140 1683 in
165 1650 267 1684 einer
299 1648 483 1693 einzigen‚
516 1649 846 1694 langgestreckten

966 1469 1071 1493 arma
1109 1469 1193 1494 suos
1229 1458 1370 1504 capere]
1416 1458 1456 1493 in
1500 1458 1666 1494 direkter

918 1506 1019 1540 Rede
1052 1517 1156 1541 arma
1187 1507 1324 1551 eapite;
1355 1506 1435 1542 also
1467 1517 1553 1541 suos
1586 1518 1666 1541 ver-

920 1553 1095 1588 schieden
1121 1564 1195 1588 von
1213 1554 1259 1589 ab
1280 1554 1357 1589 suis
1383 1553 1526 1597 (Oratio
1546 1555 1666 1589 recta:

920 1613 943 1636 α
967 1603 1127 1646 nostris).

969 1652 1000 1683 6.
1027 1648 1255 1695 significant]
1284 1648 1398 1684 Wer‘?

97 1695 216 1731 Reihe
243 1696 308 1730 auf
331 1696 420 1741 (vgl.
447 1698 642 1741 quemque).

147 1744 300 1778 clamore
330 1744 474 1778 sublato
509 1744 609 1778 steht
645 1744 740 1778 nach
772 1745 845 1779 cla-

101 1802 235 1826 morem
254 1791 386 1833 tollere,
411 1803 475 1825 um
501 1791 559 1825 die
579 1792 709 1825 rasche
730 1792 846 1836 Folge

99 1850 263 1921 genager
282 1851 326 1872 zu
345 1838 595 1920 {ezeichnen21
604 1839 658 1873 als
677 1849 714 1873 es
729 1839 846 1874 durch

126 1898 185 1921 ein
213 1897 230 1921 e
255 1896 342 1931 gese
373 1898 391 1921 e
421 1896 465 1920 en
491 1898 570 1920 wur
599 1896 628 1921 e.

148 1938 179 1969 3.
218 1935 312 1969 edito
344 1933 513 1979 imperio]
553 1932 749 1968 Nachdem
781 1934 847 1968 der

100 1982 171 2016 den
191 1981 380 2015 Tribunen
406 1981 550 2016 erteilte
572 1981 702 2015 Befehl
728 1982 846 2016 durch

99 2029 160 2064 die
192 2039 310 2074 ganze
336 2028 441 2063 Linie
473 2029 640 2063 bekannt
673 2028 848 2074 gemacht

99 2088 188 2120 war,
216 2076 341 2111 wurde
366 2076 437 2110 mit
461 2076 526 2111 der
547 2075 654 2111 Tuba
679 2077 746 2111 das
768 2077 848 2112 Zei-

102 2125 196 2158 chen
222 2124 402 2169 gegeben.

148 2172 191 2206 in
216 2175 338 2206 eastra
364 2172 536 2216 consulis]
563 2171 648 2217 Vgl.
675 2171 768 2217 Kap.
791 2175 847 2215 26,

149 2267 242 2301 alibi
268 2294 274 2300 .
298 2293 305 2299 .
329 2294 335 2301 .
362 2266 470 2312 alibi]
497 2276 570 2300 von
597 2266 689 2301 zwei
716 2266 847 2311 Orten3

102 2313 241 2348 ebenso
272 2324 345 2347 von
375 2315 465 2348 zwei
491 2313 618 2349 Seiten
643 2315 720 2349 alia
739 2318 849 2359 parte

103 2388 111 2396 .
134 2389 140 2395 .
164 2389 171 2396 .
199 2361 277 2395 alia
301 2360 362 2402 26,
390 2364 423 2403 5,
447 2365 467 2395 6
493 2362 569 2395 und
595 2360 655 2404 28,
683 2367 716 2406 6,
745 2366 799 2397 11.

150 2412 183 2443 4.
214 2407 368 2452 civilem]
396 2409 490 2442 statt
515 2407 616 2442 eines
643 2408 732 2443 Gen.
762 2409 846 2444 sub-

102 2455 206 2498 iect.;
233 2454 308 2499 vgl.
335 2454 428 2499 Kap.
457 2459 512 2499 16,
539 2459 571 2489 3.

152 2506 184 2537 5.
218 2502 474 2547 differendum]
509 2503 622 2537 n'aml.
649 2514 737 2546 esse,
763 2515 850 2539 vom

102 2550 414 2595 unpersonlichen
445 2551 616 2593 differtur
658 2550 758 2585 ‘man
791 2555 849 2585 Ζὸ-

103 2598 222 2642 gert’:
248 2597 309 2640 21,
324 2600 381 2641 21,
396 2602 416 2631 2
442 2597 538 2632 nihil
560 2598 661 2632 ultra
681 2599 849 2641 differen-

103 2646 191 2680 dum
227 2649 352 2687 ratus,·
390 2645 456 2689 21,
483 2647 545 2689 53,
572 2649 592 2679 3
629 2646 718 2689 quid
755 2647 851 2680 enim

104 2693 206 2728 ultra
230 2693 383 2737 differri.

152 2741 353 2784 mirumque
372 2750 460 2782 esse,
485 2740 542 2786 ni]
569 2739 650 2774 hier
675 2739 746 2774 mit
767 2751 850 2784 esse,

63 2815 66 2817 Α
106 2789 211 2822 sonst
221 2786 313 2823 bloss
325 2788 460 2822 mirum
475 2789 517 2822 ni
529 2789 612 2832 (nur
623 2787 683 2822 bei
697 2787 850 2833 Navius,

107 2833 278 2877 Plautus,
304 2835 444 2870 Terenz
464 2835 539 2870 und
563 2835 658 2869 Ovid
678 2836 850 2870 vorkom-

107 2882 245 2926 mend),
268 2882 602 2927 ‘wahrscheinlich‚
623 2881 848 2919 sicherlich'.

177 2947 243 2972 Liv.
263 2948 297 2973 B.
318 2950 342 2975 3.

968 1697 1014 1731 ab
1035 1708 1077 1731 ea
1090 1696 1213 1741 parte]
1237 1708 1323 1731 vom
1345 1695 1584 1742 Standpunkt
1603 1697 1665 1732 des

920 1743 1126 1778 Diktators.
1147 1744 1234 1778 Man
1250 1746 1423 1778 erwartet
1433 1756 1518 1779 vom
1531 1743 1663 1779 Stand-

918 1792 1040 1836 punkt
1054 1792 1120 1825 der
1133 1791 1344 1826 Rufenden:
1366 1802 1438 1826 von
1454 1792 1553 1827 ihrer
1567 1793 1663 1837 (sua)

921 1839 1032 1873 Seite.

966 1887 1007 1921 iu
1039 1887 1264 1933 discrimine]
1305 1886 1371 1921 auf
1402 1887 1487 1922 dem
1518 1886 1665 1923 Punkte

920 1934 985 1968 der
1011 1934 1301 1979 Entscheidung.

968 1986 999 2016 7.
1035 1982 1111 2016 iam
1135 1992 1170 2016 se
1195 2009 1201 2014 .
1227 2011 1233 2017 .
1256 2009 1262 2015 .
1287 1982 1490 2028 parabant]
1520 1999 1564 2011 =
1590 1984 1667 2018 iam

921 2030 1042 2074 Aequi
1066 2040 1101 2064 se
1121 2031 1330 2074 parabant,
1362 2033 1402 2064 ut
1422 2031 1667 2075 prohiberent,

920 2088 965 2112 ne
984 2077 1301 2112 circumdarentur
1320 2088 1439 2121 opera.
1473 2078 1557 2112 Wie
1577 2089 1665 2123 pro-

920 2125 1021 2159 hibeo
1047 2125 1271 2159 circumdari
1296 2135 1407 2170 opera
1433 2124 1531 2169 (Ace.
1551 2125 1667 2162 c.1nf.

923 2173 1016 2207 statt
1040 2173 1111 2216 ne),
1145 2170 1226 2207 lasst
1260 2172 1338 2207 sich
1371 2185 1433 2207 zur
1459 2173 1667 2208 Seitenheit

922 2219 1017 2254 auch
1043 2230 1175 2264 sagent
1202 2231 1312 2264 opera
1338 2221 1561 2256 circumdari
1580 2232 1667 2266 pro-

921 2267 1090 2302 hibentur
1122 2267 1247 2311 (Nom.
1275 2279 1304 2302 c.
1331 2268 1414 2311 Inf.)
1450 2268 1527 2302 und
1559 2279 1668 2313 opera

922 2315 1145 2350 circumdari
1173 2316 1402 2360 prohibenda
1435 2319 1529 2350 sunt.
1581 2316 1666 2361 Vgl.

922 2361 994 2396 Cic.
1021 2362 1124 2397 Verr.
1152 2367 1189 2405 3,
1219 2367 1286 2397 144
1318 2364 1429 2398 attuli
1457 2365 1666 2408 sponsiones

921 2411 1001 2454 ipso
1023 2413 1212 2454 praesente
1234 2411 1354 2454 factas
1373 2411 1415 2445 de
1435 2411 1667 2446 decumarum

920 2458 1087 2492 societate
1107 2458 1152 2492 ab
1170 2459 1249 2502 ipso
1262 2458 1472 2502 prohibitas
1485 2459 1648 2493 iudicari
1655 2473 1667 2502 ,-

922 2505 1003 2539 Liv.
1030 2504 1089 2548 22,
1117 2508 1172 2548 60,
1195 2508 1215 2539 3
1241 2516 1305 2540 nec
1330 2506 1520 2550 (captivos)
1541 2507 1667 2550 prohi-

924 2552 1056 2586 bendos
1081 2563 1124 2586 ex
1143 2553 1292 2596 privato
1317 2553 1456 2587 redimi.

972 2610 995 2632 a
1037 2599 1298 2645 munientibus]
1339 2616 1383 2628 =
1427 2611 1450 2634 a
1489 2600 1667 2636 militibus

923 2646 1124 2681 dictatoris.

971 2694 1088 2739 operi]
1121 2693 1205 2728 Dat.
1233 2693 1436 2728 commodi:
1464 2694 1516 2729 sie
1542 2693 1667 2730 liessen

924 2741 984 2775 die
1006 2739 1131 2775 Nacht
1149 2740 1228 2784 frei,
1248 2742 1453 2776 unbem'itzt
1474 2754 1557 2776 zum
1574 2742 1666 2777 Vor—

922 2788 991 2822 teil
1017 2788 1082 2822 der
1107 2787 1388 2823 Schanzarbeit:
1418 2787 1580 2825 Ahnlich
1606 2790 1666 2834 23,

926 2839 986 2878 12,
1016 2839 1057 2869 11
1089 2846 1145 2870 res
1177 2836 1266 2870 bello
1295 2837 1380 2871 bene
1403 2840 1520 2882 yestae
1539 2849 1667 2882 pacem

922 2884 1028 2918 nobis
1053 2883 1256 2929 aequiorem
1281 2884 1432 2919 dabunt.

1362 2947 1384 2977 4
