1799 3105
674 132 817 167 LIBER
840 133 867 171 Ι,
917 132 1017 170 CAP.
1044 137 1098 168 34.
1580 134 1659 175 107

112 155 141 174 a.
161 144 213 172 Oh.
233 145 380 171 640—616.

107 235 224 277 auxit
266 235 393 276 ducta
439 235 483 276 in
527 235 842 276 matrimonium
881 234 1091 289 Tanaquil
1136 248 1300 275 summo
1340 234 1434 276 loco
1472 237 1575 275 nata
1616 237 1659 275 et

105 305 211 345 quae
242 291 355 332 haud
386 290 511 332 facile
543 292 607 346 iis,
638 292 683 332 in
715 291 868 345 quibus
899 294 1001 332 nata
1031 293 1135 344 erat,
1166 290 1394 332 humiliora
1414 291 1573 332 sineret
1594 305 1654 344 ea,

70 394 72 396 ‚
105 361 187 402 quo
217 348 494 402 innupsisset.
556 348 853 402 spernentibus
884 347 1074 388 Etruscis
1107 347 1395 389 Lucumonem
1434 347 1553 388 exule
1585 347 1656 388 ad·
1683 359 1703 390 5

106 417 214 445 vena
244 407 398 455 ortum,
431 405 541 446 ferre
572 404 871 458 indignitatem
903 418 990 444 non
1021 405 1164 458 potuit
1195 403 1410 458 oblitaque
1440 404 1657 459 ingenitae

103 474 206 514 erga
249 461 431 515 patriam
479 461 692 513 caritatis,
738 460 964 500 dummodo
1012 461 1146 502 virum
1183 460 1441 502 honoratum
1479 460 1655 513 videret,

102 517 327 558 consilium
376 517 592 571 migrandi
641 516 694 558 ab
739 515 982 570 Tarquiniis
1033 517 1158 571 cepit.
1232 516 1370 558 Roma
1415 519 1479 558 est
1523 516 1575 557 ad
1614 516 1656 557 id
1682 528 1702 559 6

101 574 371 627 potissimum
408 574 517 615 visa?
558 574 604 614 in
641 586 752 614 novo
785 573 961 626 populo,
1004 573 1075 613 ubi
1107 573 1244 614 omnis
1275 574 1499 627 repentina
1529 575 1657 627 atque

102 643 153 670 ex
191 631 347 671 virtute
377 630 580 671 nobilitas
619 629 695 683 sit,
733 629 922 670 futurum
952 629 1090 670 locum
1122 630 1226 671 forti
1257 643 1305 670 ac
1336 632 1509 671 strenuo
1541 630 1654 678 viro3

100 700 302 740 regnasse
341 685 507 728 Tatium
548 686 773 739 Sabinum,
819 687 1066 727 arcessitum
1111 686 1154 726 in
1193 700 1372 740 regnum
1409 686 1595 727 Numam
1633 700 1658 726 a

101 742 304 795 Curibus,
336 745 379 783 et
410 744 579 784 Ancum
610 742 768 784 Sabina
798 745 933 783 matre
965 744 1106 784 ortum
1138 742 1407 796 nobilemque
1438 758 1524 784 una
1554 743 1656 783 ima-

589 799 715 840 facile
756 813 831 853 pe}
834 799 983 840 suadet
1013 802 1059 840 ut
1089 799 1243 853 cupido
1275 798 1484 840 honorum
1518 802 1559 840 et
1588 799 1656 840 eui
1682 812 1701 843 7

98 855 319 910 Tarquinii
357 859 550 897 materna
588 858 754 897 tantum
794 855 932 910 patria
964 858 1086 897 esset.
1147 856 1324 897 sublatis
1355 855 1499 909 itaque
1530 855 1655 896 rebus

98 912 312 967 amigrant
347 911 541 954 Romam.
612 913 663 953 ad
701 912 939 953 Ianiculum
986 912 1099 953 forte
1144 914 1317 953 ventum
1357 917 1458 953 erat.
1519 912 1579 953 ibi
1617 911 1655 953 ei
1679 925 1699 956 8

99 971 302 1023 carpento
348 969 510 1010 sedenti
556 983 650 1010 cum
689 982 820 1010 uxore
858 968 996 1023 aquila
1029 969 1245 1023 suspensis
1284 969 1467 1009 demissa
1503 968 1657 1009 leniter

98 1025 176 1066 alis
214 1025 388 1079 pilleum
428 1026 568 1067 aufert
607 1039 815 1080 superque
856 1028 1105 1079 carpentum
1137 1039 1232 1066 cum
1263 1039 1420 1080 magno
1452 1024 1652 1080 clangore

98 1081 284 1123 volitans
314 1096 458 1124 rursus
490 1083 606 1123 velut
634 1082 871 1123 ministerio
911 1082 1114 1123 divinitus
1145 1083 1273 1123 missa
1303 1082 1431 1135 capiti
1463 1085 1561 1136 apte
1592 1095 1653 1122 re-

99 799 200 852 gine
229 798 394 841 Numae
427 814 530 841 esse.

95 1220 148 1258 25,
176 1221 206 1251 3.
233 1237 276 1241 —
295 1217 407 1251 ducta
433 1216 631 1260 Tanaquil,
658 1217 732 1250 die
750 1216 839 1251 Ver-

96 1261 278 1305 mahlung
300 1263 370 1295 mit
395 1261 453 1296 T)
460 1289 467 1303 ,
493 1273 520 1295 s.
548 1273 591 1295 zu
617 1272 646 1295 c.
673 1266 725 1303 14,
745 1266 779 1299 9,
796 1286 839 1290 -

99 1309 132 1340 et
155 1317 258 1350 quae,
286 1307 404 1340 damit.
421 1306 513 1341 hebt
528 1306 568 1340 L.
590 1306 660 1341 den
679 1306 841 1342 Charak—

97 1353 156 1385 ter
173 1351 294 1386 derT
316 1352 460 1386 hervor.
499 1343 601 1386 Uber
619 1351 689 1386 den
706 1351 839 1386 Wech—

97 1396 149 1431 sel
180 1397 282 1432 eines
313 1396 512 1441 Adjektivs
545 1396 621 1431 und
653 1401 685 1431 el
717 1398 781 1441 qui
812 1409 838 1431 s.

91 1453 136 1476 zu
172 1443 292 1477 Praei.
333 1447 383 1477 11
421 1462 465 1467 ——
499 1442 549 1477 iis
582 1468 590 1475 .
625 1470 631 1477 .
667 1453 726 1485 ea,
765 1442 839 1476 ‘die

92 1485 273 1532 Stellung,
292 1487 352 1521 die
365 1486 597 1522 Verh'altniss
582 1498 632 1529 se,
653 1488 717 1522 der
730 1488 838 1533 Rang

91 1532 158 1566 der
199 1532 384 1567 Familie’.
426 1553 462 1557 —
498 1533 632 1567 sineret
672 1517 837 1567 n'amlioh

92 1588 173 1612 esse.
203 1598 241 1602 —
269 1588 406 1622 quo=
430 1578 472 1612 in
496 1588 598 1622 quae,
626 1590 653 1612 s.
681 1589 700 1612 c
737 1582 769 1620 9,
795 1582 836 1612 10

92 1632 143 1664 eo,
168 1623 243 1667 vgl
270 1634 298 1659 e.
324 1626 380 1666 48,
408 1627 438 1658 7.
464 1627 518 1664 27,
545 1627 602 1662 22
632 1628 682 1657 11
711 1624 835 1657 —in-

90 1669 241 1710 nubere,
278 1679 348 1702 nur
383 1668 465 1703 hier
496 1650 557 1702 b’ei
587 1652 667 1702 Liv.
725 1669 835 1702 Sonst

90 1712 185 1747 noch
223 1713 285 1747 bei
314 1713 504 1748 Dichtern
511 1714 530 1734 ³³*
585 1713 720 1758 Sp‘ater
751 1715 835 1758 sagt

93 1757 132 1792 L.
157 1758 292 1792 nubere
315 1759 356 1792 in
381 1759 526 1793 domum
550 1763 640 1801 4,4,
667 1762 718 1793 10.

136 1808 166 1839 5
192 1803 297 1838 exule
320 1803 478 1846 advena,
505 1815 531 1838 s
558 1815 601 1837 zu
628 1814 656 1840 c
676 1807 707 1846 7,
727 1808 757 1837 5.
776 1808 830 1846 21,

90 1852 142 1884 30
180 1853 210 1883 8.
238 1869 278 1873 -
310 1832 591 1894 indiqm't'atem,
631 1848 831 1893 (objektiv)

94 1893 168 1926 die
186 1893 502 1955 Zurficksetzung,
530 1894 588 1927 (116
614 1894 833 1938 unwu'rdige

88 1938 387 1983 Be11and1ung³f÷
415 1960 454 1963 —
481 1940 527 1974 ab
553 1939 781 1983 Tarquiniis,
807 1951 833 1973 s.

92 1995 136 2018 zu
162 1994 191 2018 c.
218 1987 272 2023 27
298 1989 329 2020 4.

136 2033 167 2063 6.
186 2029 419 2073 potissimum
448 2030 544 2069 visa,
583 2029 691 2063 ‘Rom
725 2029 834 2074 gefiel

89 2073 147 2108 ihr
173 2075 266 2117 (visa
291 2078 342 2109 est
358 2091 402 2103 =
413 2075 571 2118 placuit,
598 2074 670 2118 vgl.
696 2075 833 2118 griech.

89 2121 216 2163 δοκεῖ)
226 2130 284 2154 am
299 2119 454 2154 meisten
469 2120 527 2153 fiir
541 2119 667 2154 diesen
685 2119 831 2154 Zweck⁷

90 2165 155 2208 (ad
179 2164 270 2209 id).*
305 2165 391 2209 Vgl.
415 2169 446 2207 8,
474 2169 529 2205 33,
550 2169 590 2199 16
603 2165 834 2208 potissimum

88 2210 289 2251 habuisse.†
326 2230 367 2235 —
402 2210 598 2254 repentina
645 2214 754 2254 atque
790 2221 835 2245 em

87 2256 223 2290 virtute
236 2256 422 2295 nobilitas,
441 2261 514 2289 ‘wo
529 2255 595 2289 der
608 2266 723 2300 ganze
738 2255 832 2290 Adel

86 2300 181 2334 noch
225 2311 296 2335 neu
328 2300 516 2345 (plotzlich
549 2300 832 2345 emporgekom-

86 2347 189 2387 men)
220 2345 294 2380 und
326 2347 441 2379 durch
466 2345 676 2396 Verdienst
697 2357 832 2379 erwor—

86 2389 159 2424 ben
180 2396 209 2434 υ
216 2390 510 2425 Verdienstadel
515 2393 527 2433 )
547 2390 626 2426 sei’.
663 2382 764 2425 Uber
788 2401 833 2425 ex

85 2435 221 2470 ‘cio-tute
243 2435 418 2470 nobilitas
435 2436 530 2469 ohne
547 2418 721 2480 Particip.
742 2447 768 2470 s.
786 2447 831 2469 zu

86 2490 116 2514 c.
150 2483 205 2523 21,
237 2481 290 2515 3?Ie
315 2500 354 2505 -
381 2480 472 2522 forti
502 2491 546 2514 ae
568 2483 716 2515 strenuo
739 2480 829 2522 viro,

86 2524 162 2559 ‘ein
201 2525 364 2569 mutiger
404 2525 479 2558 und
521 2525 826 2566 entschlossener,

85 2571 233 2614 energis
237 2570 324 2605 cher
348 2570 495 2612 Mann’,
527 2569 659 2604 immer
683 2572 752 2604 mit
775 2581 828 2611 ae,

85 2618 212 2659 atque,
254 2616 312 2650 nie
357 2614 471 2649 durch
509 2625 577 2658 que
611 2614 829 2649 verbunden

87 2660 185 2704 (weil
238 2659 499 2706 ursprungli011
546 2661 722 2703 getrennt
767 2670 826 2704 ge-

87 2705 232 2748 (1601ιῦ),
293 2706 354 2740 bei
415 2704 486 2739 den
535 2703 828 2738 Schriftstellern

85 2749 211 2795 haufig
234 2751 397 2785 Beiwort
421 2750 485 2784 des
510 2750 568 2784 vir
590 2760 670 2784 vere
693 2749 825 2784 Roma-

86 2805 158 2829 nus
193 2794 281 2839 (Cic.
320 2795 462 2830 freilich
505 2794 601 2829 &fter
642 2795 756 2829 bonus
795 2798 828 2829 et

86 2838 250 2881 fortis=
263 2838 378 2880 καλὸς
396 2836 674 2885 κᾶγαθός).*-
688 2839 829 2874 Sabina

908 1220 1041 1259 matie,
1074 1228 1100 1251 s.
1127 1228 1172 1250 zu
1198 1221 1365 1260 0.32,1
1393 1237 1436 1241 -
1460 1227 1538 1251 una
1560 1217 1654 1250 ima-

907 1263 1008 1307 gine,
1046 1261 1093 1296 da
1117 1262 1193 1296 sein
1220 1261 1333 1296 Vater
1357 1262 1460 1296 nicht
1484 1261 1655 1295 erwahnt

908 1307 1020 1348 wird,
1057 1307 1192 1351 gehort
1228 1318 1267 1341 er
1296 1319 1365 1341 nur
1397 1306 1512 1341 durch
1545 1307 1652 1340 einen

909 1335 1058 1394 Ahne’n,
1057 1318 1166 1386 gsdes
1151 1362 1214 1386 sen
1238 1351 1324 1386 Bild
1357 1353 1505 1396 (imayo)
1539 1362 1578 1386 er
1600 1351 1652 1385 im

910 1397 1056 1431 Atrium
1075 1397 1273 1432 aufstellen
1291 1398 1403 1433 kann.
1429 1409 1492 1431 zur
1508 1396 1540 1431 N
1545 1396 1650 1431 ob111

909 1444 968 1477 tat
1009 1443 1186 1486 (nobilis),
1230 1442 1346 1476 durch
1385 1442 1518 1476 Numa.
1579 1441 1654 1476 Der

909 1487 1177 1538 schrift-stellei-
1201 1487 1268 1522 hat
1293 1488 1352 1522 die
1378 1487 1561 1522 Zustande
1588 1486 1653 1521 der

905 1533 1652 1628 ξέἒῃὲὲῗἛῖῗέῗῗὲῑρΖῖἒὲωἷὲιᾏεῗῖῗὲἓέ

905 1622 1062 1658 Familie
1094 1625 1164 1658 mit
1191 1623 1427 1668 demjenigen
1453 1622 1651 1657 Familien-

906 1668 1035 1710 gliede
1067 1669 1141 1713 beg
1144 1681 1216 1703 ann
1241 1669 1316 1703 und
1343 1670 1475 1703 dessen
1500 1669 1650 1718 Ahnen-

905 1713 984 1747 bild
999 1713 1064 1748 das
1079 1725 1136 1748 ers
1117 1681 1175 1749 gte
1191 1725 1278 1755 war,
1293 1714 1454 1748 welches
1462 1716 1584 1748 zuerst
1592 1712 1651 1747 ein

902 1758 1132 1793 kurulisches
1157 1760 1245 1793 Amt
1269 1743 1462 1793 bekleidet
1485 1759 1529 1792 he
1524 1760 1601 1794 tte.

950 1830 979 1860 7.
1014 1827 1230 1869 persuadet,
1268 1837 1316 1860 se.
1355 1826 1575 1862 Lucumoni.
1607 1847 1650 1852 —

905 1874 946 1905 ut
977 1871 1112 1914 cupido
1137 1888 1180 1900 =
1205 1875 1248 1906 ut
1279 1872 1344 1915 qui
1368 1872 1526 1914 cupidus
1551 1876 1647 1907 esset.

904 1937 946 1940 —
984 1920 1017 1951 et
1055 1917 1132 1958 cui,
1171 1928 1198 1953 s.
1234 1928 1279 1950 zu
1315 1916 1334 1955 ξ
1371 1921 1393 1951 4
1418 1920 1450 1951 et
1475 1928 1578 1961 quae.
1606 1937 1649 1942 —

904 1962 1110 2006 aiiziqrant,
1137 1963 1241 1995 sonst
1265 1962 1364 1996 steht
1388 1973 1453 1995 zur
1477 1962 1649 1997 Bezeich-

904 2018 1007 2050 nung
1024 2007 1104 2070 *der
1127 2006 1316 2052 Richtung
1347 2007 1496 2041 woher‘?
1538 2008 1649 2042 clemi-

904 2062 1020 2096 φατε.

949 2122 980 2153 8.
1007 2120 1052 2162 ei,
1076 2131 1103 2154 s.
1129 2132 1173 2154 zu
1201 2131 1229 2157 e.
1257 2124 1310 2163 12,
1337 2124 1368 2154 9.
1394 2141 1437 2144 -
1463 2121 1646 2164 carpendo

902 2165 1061 2208 sedenti,
1092 2165 1131 2199 L.
1163 2166 1229 2199 hat
1252 2166 1380 2209 h‘aufig
1405 2165 1476 2200 den
1501 2165 1646 2200 blossen

903 2210 986 2244 Abl.
1005 2211 1072 2244 auf
1087 2210 1146 2244 die
1161 2210 1280 2255 Frage
1301 2214 1398 2253 wo?,
1419 2211 1646 2245 namentlich

903 2255 963 2290 bei
979 2256 1048 2290 den
1058 2255 1193 2290 Verbis
1209 2255 1361 2291 sedendi
1371 2257 1490 2299 (sonst
1506 2255 1646 2290 (lichte-

901 2300 1027 2343 risch),
1045 2311 1074 2334 c.
1092 2304 1146 2342 41,
1162 2304 1182 2334 6
1195 2301 1278 2335 sede
1288 2302 1392 2345 reyia
1403 2301 1501 2336 secl*
1517 2322 1556 2325 —
1570 2311 1647 2335 sus·

896 2347 1023 2389 pensis
1039 2346 1121 2386 alis,
1139 2346 1208 2380 mit
1224 2346 1511 2386 schwebenden,
1529 2346 1567 2379 in
1581 2346 1647 2380 der

902 2391 1078 2425 Schwebe
1103 2390 1329 2435 gehaltenen
1351 2390 1583 2433 Schwingen.
1602 2410 1645 2415 —

900 2446 1032 2480 maqno
1062 2436 1245 2480 elanyore‚
1273 2437 1339 2470 der
1362 2436 1465 2470 laute
1491 2436 1644 2479 Fh'igel-

900 2481 1041 2525 sehlag,
1056 2481 1132 2524 vgl.
1145 2485 1266 2523 5,47,4
1280 2482 1449 2525 clanyore
1461 2491 1644 2515 anserum.

901 2525 1010 2569 Verg.
1037 2531 1069 2567 3,
1096 2529 1161 2559 226
1184 2526 1328 2570 maynis
1351 2527 1525 2570 quatiunt
1547 2525 1644 2559 clan-

897 2571 1045 2614 ¹(Joribus
1056 2570 1146 2607 alas.
1155 2570 1259 2604 Hom.
1272 2571 1310 2604 Il.
1320 2573 1361 2612 Γ,
1372 2575 1392 2605 5
1407 2571 1551 2615 κλαγγῇ
1567 2571 1644 2604 ταί-

898 2628 940 2658 γε
958 2615 1151 2650 πέτονται.
1162 2616 1430 2658 —ministerio,
1445 2616 1644 2659 pragnant,

900 2659 1116 2704 ‘lediglich,
1187 2660 1325 2705 gerade
1393 2672 1439 2694 zu
1506 2660 1645 2695 diesem

898 2687 1081 2748 Dienste,
1109 2686 1209 2738 ’Dat
1222 2705 1286 2739 des
1312 2705 1472 2740 Zwecks.
1493 2725 1537 2730 —
1562 2716 1644 2740 rur-

897 2760 959 2784 sus
982 2750 1137 2799 reponit,
1164 2761 1190 2784 s.
1217 2761 1259 2783 zu
1285 2760 1314 2784 c
1342 2755 1396 2792 33,
1415 2754 1446 2784 3.
1468 2772 1506 2776 -
1526 2750 1644 2795 capiti

896 2796 1065 2885 regii,
1078 2794 1153 2874 ¹123&
1164 2794 1266 2874 ¹255.
1277 2795 1644 2884 ‘123333203322543
