1799 3105
88 114 116 134 a.
139 106 204 132 Chr.
223 113 253 132 n.
274 107 337 132 461.
358 107 420 132 460.

90 205 280 247 sessione
312 205 375 246 rei
407 205 624 259 publicae,
664 205 873 259 iuniores,

592 95 737 131 LIBER
760 95 824 131 III.
877 95 978 131 CAP.
1007 99 1060 131 14.
1090 100 1144 132 15.

1600 95 1656 138 25

910 204 953 246 id
991 204 1176 245 maxime
1209 204 1321 258 quod
1354 202 1559 246 Caesonis
1593 219 1657 246 so·
1684 217 1703 248 3

89 264 290 305 dalicium
323 263 419 317 fuit,
452 279 606 305 auxere
638 264 723 305 iras
765 264 812 305 in
848 264 1036 318 plebem,
1074 278 1164 305 non
1196 264 1443 304 minuerunt
1476 264 1657 305 animos.

90 323 162 365 sed
194 323 258 364 ibi
290 323 526 376 plurimum
557 323 798 378 profectum
825 326 903 377 est,
936 322 1049 377 quod
1075 323 1204 365 modo
1232 323 1417 377 quodam
1443 324 1658 377 tempera-

87 396 186 424 vere
229 382 416 435 impetus
462 396 575 424 suos.

642 397 738 424 cum
782 382 921 436 primo
966 384 1066 436 post
1112 380 1320 423 Caesonis
1370 382 1544 422 exilium
1589 382 1659 423 lex
1684 394 1707 424 4

89 443 243 495 coepta
289 441 394 482 ferri
439 444 522 492 est,
573 441 772 482 instructi
816 441 1038 495 paratique
1086 455 1182 482 cum
1226 441 1393 496 ingenti
1437 441 1659 482 clientium

88 501 278 542 exercitu
312 501 372 542 sic
397 500 607 554 tribunos,
638 500 714 541 ubi
744 499 932 554 primum
966 500 1270 542 submoventes
1302 500 1536 554 praebuere
1564 515 1661 542 cau-

89 574 201 614 sam,
241 560 381 601 adorti
419 562 537 612 sunt,
577 561 625 600 ut
661 573 788 600 nemo
828 573 938 600 unus
977 554 1394 613 inder‘r‘aecipuum
1428 559 1658 614 quicquam

94 619 259 674 gloriae
292 618 466 660 domum
497 618 738 659 invidiaeve
772 617 914 670 ferret,
946 618 1065 659 mille
1104 633 1183 672 pro
1222 633 1307 659 uno
1341 617 1555 661 Caesones
1589 633 1659 660 ex-

87 678 229 719 titisse
267 678 414 731 plebes
460 680 722 731 quereretur.

783 677 937 718 mediis
977 677 1150 730 diebus,
1194 677 1349 731 quibus
1393 678 1557 718 tribuni
1608 677 1658 719 de
1686 690 1706 721 5

87 737 182 792 lege
214 750 302 778 non
329 739 520 791 agerent,
551 736 660 777 nihil
687 736 848 777 eisdem
873 736 960 777 illis
987 736 1200 790 placidius
1229 738 1304 777 aut
1336 737 1522 790 quietius
1550 739 1659 778 erat:

87 796 273 851 benigne
300 796 499 850 salutare,
532 796 707 851 adloqui
739 795 883 849 plebis
915 795 1126 849 homines,
1159 795 1333 837 domum
1359 796 1556 850 invitare,
1590 796 1660 837 ad-

90 869 182 896 esse
222 855 266 896 in
304 855 418 908 foro,
462 855 660 896 tribunos
706 855 825 909 ipsos
866 857 1008 896 cetera
1046 854 1139 910 pati
1179 854 1271 896 sine
1299 854 1660 909 ‘interpellatione

89 913 273 956 concilia
304 914 477 968 habere,
509 929 743 969 numquam
781 914 857 955 ulli
895 928 1032 968 neque
1070 914 1241 968 publice
1281 928 1418 969 neque
1457 914 1661 968 privatim

87 978 229 1015 truces
262 988 376 1027 esse,
414 973 501 1015 nisi
534 988 631 1015 cum
663 974 714 1015 de
746 974 842 1027 lege
876 974 947 1028 agi
979 976 1178 1028 coeptum
1220 976 1352 1029 esset3
1393 974 1495 1015 alibi
1526 988 1676 1028 popu-2

88 1033 193 1074 laris
233 1033 434 1074 iuventus
474 1036 585 1087 erat,
623 1047 703 1074 nec
742 1036 883 1074 cetera
914 1033 1041 1075 modo
1075 1033 1239 1074 tribuni
1271 1033 1508 1087 tranquillo
1540 1040 1708 1087 pere-'6

89 1105 210 1146 gere,
256 1092 330 1133 sed
375 1091 526 1133 refecti
572 1106 739 1147 quoque
784 1093 826 1134 in
872 1092 1171 1147 insequentem
1216 1107 1389 1133 annum.

1460 1107 1513 1133 ne
1559 1107 1661 1134 VOCG

91 1151 264 1205 quidem
297 1151 571 1204 incommodi,
603 1152 762 1193 nedum
793 1154 842 1193 ut
866 1152 956 1193 ulla
981 1152 1045 1193 vis
1072 1151 1205 1205 fieret,
1237 1151 1448 1205 paulatim
1473 1152 1661 1206 permul-

95 1210 227 1252 cendo
266 1211 578 1265 tractandoque
617 1211 990 1252 mansuefecerant
1034 1211 1217 1265 plebem.

93 1284 254 1311 annum
287 1270 454 1311 artibus
486 1270 554 1310 lex
587 1270 705 1311 elusa
738 1273 814 1311 est.

210 1329 444 1383 Accipiunt
464 1329 683 1371 civitatem
703 1329 985 1383 placidiorem
1015 1329 1210 1370 consules
1232 1327 1278 1370 C.
1300 1327 1518 1382 Claudius,
1545 1328 1662 1383 Appi
1678 1330 1732 1372 15

88 1388 216 1442 filius,
249 1391 292 1429 et
322 1388 368 1429 P.
389 1388 591 1430 Valerius
623 1388 858 1431 Publicola.

139 1508 169 1540 3.
198 1505 237 1540 id
260 1533 267 1540 .
289 1532 296 1539 .
319 1532 326 1539 .
347 1505 445 1549 quod
465 1533 471 1540 .
494 1532 501 1539 .
525 1533 532 1540 .
551 1505 643 1550 fuit]
670 1504 840 1539 fiberein-

90 1552 292 1586 stimmend
311 1552 382 1587 mit
402 1552 486 1587 dem
502 1552 840 1588 Pradikatsnomen

88 1600 318 1645 sodalicium„
336 1598 698 1644 (Genossenschaft),
738 1600 840 1634 wah-

89 1647 182 1680 rend
208 1646 275 1681 wir
294 1646 665 1692 Ubereinstimmung
689 1646 759 1682 mit
783 1648 841 1682 iu·

91 1695 212 1729 mores
238 1696 434 1729 erwarten.

136 1747 230 1792 iras]
258 1747 373 1782 naml.
399 1758 496 1782 suas.
530 1768 574 1772 -—
610 1748 680 1793 ibi]
710 1747 841 1791 dabei;

90 1794 184 1839 Καρ.
215 1798 270 1839 11,
300 1798 354 1828 11.

138 1858 171 1889 4.
193 1853 334 1899 primo]
356 1865 439 1887 zum
460 1854 673 1897 erstenmal⁷
699 1855 743 1889 st.
759 1855 841 1898 pri-

90 1912 200 1944 mum,
227 1902 275 1935 da
296 1912 376 1935 cum
396 1902 562 1945 primum
583 1912 766 1946 synonym
792 1901 844 1936 ist

90 1948 161 1983 mit
185 1949 251 1983 ubi
270 1950 447 1994 primum.

140 2013 220 2037 cum
240 2003 382 2048 inqenti
401 2002 586 2037 clientium
600 2002 776 2048 exercitu]
797 2014 842 2036 zu

90 2049 297 2084 verbinden
335 2049 406 2084 mit
448 2049 571 2085 adorti
612 2053 710 2085 sunt.
773 2049 841 2084 Die

91 2096 268 2132 Klienten
307 2097 373 2131 der
409 2096 589 2132 Pati-izier
625 2097 843 2132 erscheinen

89 2144 172 2180 hier
212 2144 267 2179 als
307 2144 367 2179 ein
399 2144 631 2179 zahlreicher
663 2144 747 2180 Teil
778 2146 843 2179 der

90 2192 220 2235 Plebs,
254 2192 320 2226 der
352 2191 432 2226 sich
467 2203 534 2227 aus
560 2192 687 2227 Pietat
721 2203 842 2237 gegen

93 2238 154 2273 die
173 2238 334 2273 Patrone
354 2249 429 2274 von
449 2239 522 2274 den
544 2239 756 2274 interessem
778 2240 843 2274 der

92 2286 252 2330 fibrigen
275 2286 447 2330 Plebejer
472 2288 648 2331 getrennt
672 2287 750 2322 hat.

139 2349 242 2374 nemo
266 2340 380 2385 umes]
417 2340 504 2384 Vgl.
532 2352 576 2374 zu
601 2339 697 2385 Kap.
726 2344 781 2384 11,
808 2345 840 2374 4.

141 2400 173 2432 5.
200 2398 330 2432 mediis
343 2398 484 2443 diebus]
503 2398 542 2432 in
556 2398 620 2433 der
633 2398 841 2433 Zwischen-

92 2443 168 2479 zeit
195 2445 381 2479 zwischen
408 2445 479 2479 den
499 2446 690 2480 einzelnen
716 2446 841 2480 Komi-

90 2492 277 2537 tialtagen
303 2492 409 2537 (Kap.
440 2497 495 2535 11,
521 2494 569 2537 3).
597 2513 641 2518 -
679 2494 840 2539 agerent]

93 2538 197 2576 Coni.
226 2539 424 2574 iterativus
452 2539 558 2584 (Kap.
588 2544 644 2584 11,
666 2541 713 2585 2).

141 2592 253 2639 nihil]
289 2593 436 2628 starker
467 2592 524 2627 als
558 2603 680 2636 nemo,
718 2593 843 2628 indem

95 2651 133 2675 es
160 2639 265 2675 nicht
291 2639 382 2674 bloss
410 2640 470 2675 die
496 2640 650 2685 Person,
686 2641 846 2675 sondern

94 2688 191 2723 auch
217 2688 277 2722 ihr
309 2699 446 2732 ganzes
474 2688 583 2722 Thun
614 2688 844 2723 bezeichnet.

142 2735 274 2770 eisdem
309 2735 400 2781 illis]
434 2752 478 2764 =
512 2746 620 2780 quam
650 2736 762 2770 eidem
786 2736 846 2770 illi

94 2782 188 2825 (scil.
214 2783 403 2826 iuniores).

145 2830 280 2875 adesse]
311 2830 388 2864 scil.
411 2831 472 2873 eis,
499 2829 550 2865 sie
570 2831 845 2865 unterstfitzten

97 2874 158 2910 die
178 2876 349 2921 Plebejer
369 2877 488 2922 (nicht
508 2876 599 2913 bloss
619 2877 700 2912 ihre
720 2877 844 2912 Klien-

1289 1211 1357 1252 his
1402 1225 1479 1265 per
1521 1213 1662 1252 totum

922 1388 1033 1429 nihil
1065 1388 1170 1430 novi
1201 1403 1339 1430 novus
1382 1403 1517 1430 annus
1552 1391 1661 1429 attu-

913 1506 990 1547 ten)
1018 1516 1084 1540 vor
1117 1504 1271 1540 Gericht
1303 1505 1358 1540 als
1389 1505 1541 1550 patroni
1573 1504 1663 1540 oder

914 1553 1092 1587 advocati.

962 1603 1078 1635 cetera
1104 1626 1111 1633 .
1141 1628 1148 1635 .
1177 1629 1184 1635 .
1218 1599 1391 1646 concilia]
1425 1600 1485 1634 die
1516 1599 1663 1634 Tribut-

900 1647 1108 1690 ,komitiem
1135 1648 1174 1681 in
1194 1648 1363 1683 welchen
1384 1648 1520 1682 andere
1539 1646 1662 1692 Dinge

916 1695 970 1729 als
999 1695 1065 1728 das
1093 1695 1225 1730 Gesetz
1250 1695 1472 1729 verhandelt
1497 1695 1661 1730 wurden.

963 1742 1070 1788 alibi]
1122 1743 1161 1776 in
1210 1743 1350 1777 andern
1387 1742 1662 1786 Beziehungen,

917 1791 1028 1824 sonst.

964 1840 996 1870 6.
1024 1837 1239 1882 tranquillo]
1260 1836 1369 1881 Adv.‚
1390 1854 1434 1866 =
1454 1837 1532 1872 sine
1551 1838 1662 1872 inter-

910 1885 1118 1928 pellatione.

962 1932 1102 1977 refecti]
1125 1931 1203 1967 scil.
1217 1935 1314 1975 sunt,
1342 1932 1395 1966 sie
1411 1932 1562 1967 wurden
1576 1932 1663 1967 wie-

916 1978 1160 2023 dergew'ahlt.

961 2027 1095 2061 nedum
1114 2026 1169 2072 ut]
1191 2027 1287 2061 auch
1304 2026 1389 2063 Tae.
1406 2027 1493 2061 dial.
1513 2031 1555 2061 10
1572 2028 1665 2062 statt

915 2074 1058 2108 nedum.

962 2122 1289 2168 mansuefecerant]
1299 2122 1404 2157 nicht
1414 2122 1569 2166 tribuni,
1581 2133 1664 2157 son-

915 2168 1033 2203 dern‘?

962 2216 1079 2262 elusa]
1106 2216 1191 2261 Vgl.
1220 2229 1264 2251 zu
1289 2217 1383 2261 Kap.
1412 2221 1467 2260 10,
1497 2221 1552 2251 10.

962 2263 1056 2308 Kap.
1080 2264 1253 2307 15—22‚
1278 2270 1306 2300 1.
1346 2265 1434 2299 Das
1459 2264 1568 2310 ⁷lah-r
1594 2268 1664 2299 294

915 2311 999 2345 der
1031 2310 1164 2346 Stadt
1196 2313 1279 2356 (460
1312 2323 1347 2346 v.
1376 2311 1490 2355 Chr.):
1524 2311 1665 2346 Uber-

915 2358 1002 2393 fall
1047 2359 1124 2393 des
1170 2359 1483 2403 Kapitoliums
1521 2359 1665 2393 durch

916 2405 1089 2451 Appius
1127 2405 1386 2441 Herdonius
1424 2406 1512 2441 und
1551 2417 1664 2441 neue

919 2452 1287 2498 Streitigkeiten
1337 2466 1406 2488 um
1457 2453 1531 2488 die
1576 2454 1664 2487 Lex

916 2499 1184 2536 Terentilia.
1237 2500 1322 2545 Vgl.
1355 2501 1461 2536 Dion.
1502 2501 1584 2535 Hal.
1618 2499 1663 2543 X,

966 2595 1030 2629 15.
1059 2599 1088 2629 1.
1116 2595 1158 2629 P.
1179 2595 1359 2641 Valerius]
1388 2595 1458 2630 mit
1477 2595 1559 2629 dem
1581 2593 1664 2629 Bei-

918 2652 1053 2675 namen
1078 2642 1286 2685 Publicola,
1307 2644 1420 2677 sehon
1440 2646 1509 2676 475
1530 2654 1564 2676 v.
1580 2641 1663 2677 Chr.

918 2688 1059 2723 Konsul
1080 2690 1155 2723 und
1175 2693 1245 2724 462
1267 2691 1430 2724 Interrex
1445 2689 1552 2733 (Kap.
1567 2692 1600 2731 8,
1615 2692 1664 2734 2),

919 2735 1020 2770 Sohn
1059 2736 1124 2771 des
1162 2736 1466 2781 gleichnamigen
1501 2735 1664 2771 Konsuls

917 2794 990 2818 von
1017 2787 1096 2825 509,
1124 2786 1203 2827 508,
1230 2787 1298 2818 507
1325 2796 1358 2819 u.
1387 2787 1467 2819 504.

964 2831 1059 2865 nihil
1078 2831 1179 2877 novi]
1207 2831 1241 2867 d.
1262 2831 1298 2866 h.
1324 2831 1461 2874 nichte,
1486 2831 1665 2866 wodurch

919 2877 978 2912 die
1016 2878 1361 2914 Aufmerksamkeit
1397 2879 1462 2913 der
1504 2878 1663 2924 Biirger-
