1799 3105
119 69 174 111 86
662 67 807 103 LIBER
832 68 893 102 111.
945 65 1046 101 CAP.
1074 71 1129 103 52.

1473 83 1499 101 a.
1522 83 1550 101 u.
1572 82 1596 102 c.
1615 76 1678 102 305.

117 177 240 231 plebs
274 176 619 218 contentionibus
653 174 844 216 adsiduis
871 174 979 216 nihil
1004 174 1188 229 transigi
1213 173 1258 215 in
1285 173 1461 216 Sacrum
1487 175 1677 216 montem

71 247 91 278 2
121 251 169 277 ex
196 235 411 276 Aventino
438 235 606 287 transit,
640 233 892 274 adfirmante
918 232 1080 275 Duillio
1105 247 1193 274 non
1225 233 1357 287 prius,
1389 248 1516 287 quam
1543 233 1679 274 deseri

119 295 267 336 urbem
301 294 491 346 videant,
525 307 671 334 curam
704 293 747 333 in
781 293 947 334 animos
981 294 1153 345 patrum
1185 291 1503 346 descensuram3
1535 291 1680 333 admo-

119 354 310 394 niturum
345 351 522 393 Sacrum
553 354 747 392 montem
779 351 1048 393 constantiae
1080 350 1238 405 plebis,
1270 350 1555 405 sciturosque,
1590 350 1681 392 sine

122 412 323 453 restituta
348 413 562 464 potestate
589 411 809 452 tribunicia
835 410 971 465 redigi
997 410 1041 451 in
1067 409 1338 451 concordiam
1361 423 1484 450 resne
1511 411 1680 463 queant.

73 483 94 513 3
122 472 193 512 via
218 470 510 520 Nomentana,
544 469 610 510 cui
636 472 728 511 tum
754 468 969 511 Ficulensi
1002 483 1160 511 nomen
1190 468 1293 522 fuit,
1325 467 1508 522 profecti
1539 469 1680 509 castra

120 531 164 571 in
192 531 337 571 monte
365 527 495 570 Sacro
522 528 733 583 locavere,
765 528 1020 570 modestiam
1051 530 1220 582 patrum
1248 541 1420 568 suorum
1451 526 1561 568 nihil
1592 526 1681 568 vio-

121 589 250 629 lando
283 588 452 629 imitati.
516 592 660 629 secuta
692 588 923 629 exercitum
957 587 1075 641 plebs
1108 586 1247 640 nullo,
1284 586 1357 640 qui
1388 599 1464 640 per
1495 587 1681 626 aetatem

75 659 96 689 4
124 648 184 688 ire
210 650 369 702 posset,
401 649 674 688 retractante.
717 649 1000 701 prosecuntur
1026 646 1229 700 coniuges
1255 644 1476 698 liberique,
1508 644 1680 686 cuinam

124 720 167 747 se
198 707 489 761 relinquerent
526 706 573 746 in
605 721 654 748 ea
685 706 807 759 urbe,
845 706 890 747 in
922 720 1005 760 qua
1035 719 1113 746 nec
1143 704 1349 759 pudicitia
1385 717 1463 745 nec
1501 703 1680 745 libertas

124 768 274 807 sancta
306 769 428 819 esset,
460 765 764 806 miserabiliter
795 766 1046 820 rogitantes.

76 835 96 866 5
243 823 351 866 Cum
383 827 506 865 vasta
532 824 694 865 Romae
721 824 866 865 omnia
891 823 1061 865 insueta
1087 822 1273 864 solitudo
1299 822 1485 875 fecisset,
1513 821 1560 862 in
1587 820 1681 863 foro

123 885 293 937 praeter
319 898 476 938 paucos
504 883 719 925 seniorum
746 897 871 925 nemo
899 885 1021 935 esset,
1052 882 1216 924 vocatis
1241 881 1390 936 utique
1414 881 1458 922 in
1485 881 1682 922 senatum

123 942 318 995 patribus
351 943 565 983 desertum
600 942 868 996 apparuisset
899 941 1059 995 forum,
1091 941 1235 996 plures
1269 937 1353 981 iam
1386 954 1514 994 quam
1545 938 1684 981 Hora—
1717 942 1723 952 ¹

77 1012 97 1043 6
123 1000 208 1042 tius
236 1015 282 1042 ac
304 1000 504 1042 Valerius
533 1001 895 1043 vociferabantur:
930 1000 1046 1054 ‘quid
1078 998 1377 1054 expectabitis,
1408 1000 1554 1053 patres
1586 1012 1683 1040 con-

125 1060 304 1113 scripti?
348 1061 384 1101 si
416 1060 642 1102 decemviri
678 1061 805 1101 finem
843 1059 1103 1114 pertinaciae
1134 1072 1222 1100 non
1259 1058 1441 1111 faciunt,
1478 1070 1602 1098 ruere
1635 1071 1683 1098 ac

124 1118 359 1174 deflagrare
399 1120 545 1160 omnia
584 1119 755 1173 passuri
792 1119 925 1160 estis?
965 1118 1077 1173 quod
1117 1121 1261 1159 autem
1297 1116 1415 1157 istud.
1454 1116 1682 1170 imperium

123 1181 199 1230 est,
231 1178 471 1233 decemviri,
503 1178 615 1233 quod
649 1178 833 1232 amplexi
866 1177 1053 1220 tenetis?
1085 1177 1213 1218 tectis
1247 1190 1294 1218 ac
1320 1175 1557 1230 parietibus
1589 1174 1684 1216 iura

77 1247 95 1278 7
125 1237 277 1278 dicturi
316 1237 452 1278 estis?
497 1252 584 1279 non
621 1238 753 1292 pudet
789 1238 991 1279 lictorum
1028 1238 1269 1278 vestrorum
1307 1234 1513 1276 maiorem
1550 1247 1683 1288 prope

121 1310 345 1337 numerum
378 1297 422 1337 in
455 1296 547 1338 foro
581 1296 768 1350 conspici
801 1311 929 1351 quam
961 1297 1209 1350 togatorum
1241 1292 1454 1336 aliorum?
1495 1292 1615 1347 quid,
1647 1291 1684 1334 si

122 1354 270 1396 hostes
309 1355 362 1396 ad
399 1355 548 1396 urbem
589 1356 781 1409 veniant,
818 1355 975 1396 facturi
1014 1354 1147 1395 estis?
1189 1353 1307 1408 quid,
1345 1352 1381 1393 si
1416 1351 1539 1406 plebs
1572 1365 1684 1405 mox,

122 1414 196 1454 ubi
223 1428 373 1467 parum
396 1415 635 1456 secessione
656 1428 915 1467 moveamur,
937 1416 1103 1455 armata
1123 1412 1296 1454 veniat?
1329 1424 1538 1452 occasune
1564 1409 1682 1451 urbis

74 1481 95 1513 8
121 1473 250 1514 vultis
283 1473 404 1514 finire
436 1473 694 1527 imperium?
735 1473 854 1527 atqui
887 1475 962 1514 aut
992 1472 1115 1526 plebs
1146 1485 1233 1513 non
1265 1472 1331 1511 est
1361 1468 1577 1522 habenda,
1610 1470 1683 1509 aut

120 1615 188 1646 471
221 1623 255 1645 v.
284 1611 365 1646 Chr.
403 1611 459 1656 (2,
487 1615 548 1654 58,
575 1615 627 1656 2);
666 1612 741 1657 vgl.
772 1611 864 1657 Kap.

121 1663 177 1702 54,
206 1662 248 1693 12
274 1670 308 1693 u.
336 1662 392 1702 35,
419 1663 452 1694 5.

940 1610 1197 1655 angenehmen
1233 1607 1424 1642 Eindruck
1468 1607 1534 1642 der
1570 1618 1682 1652 unge-

938 1656 1174 1693 wohnlichen
1202 1655 1309 1690 Stille
1334 1654 1598 1689 bezeichnend.

121 1713 209 1794 432'22
229 1711 383 1747 Sacrum
408 1712 574 1758 montem]
602 1711 686 1757 Vgl.
707 1725 751 1747 zu
770 1711 864 1757 Kap.

169 1763 527 1858 §.zadmoniturw‘q
565 1811 757 1847 Chiasmus
789 1813 865 1846 und

120 1859 335 1904 Asyndeton
373 1859 472 1894 beim
512 1859 683 1894 scharfen
722 1860 863 1904 Gegen-

121 1908 209 1942 satz.
236 1907 419 1950 Erganze:
440 1911 578 1951 patres,
592 1906 751 1941 welches
768 1907 866 1941 dann

119 1953 180 1988 bei
205 1955 360 1988 scituros
387 1953 545 1999 Subjekt
570 1955 629 1988 ist.

168 2016 199 2047 3.
228 2014 289 2046 via
309 2013 557 2058 Nmnentana]
584 2011 667 2048 Abl.
696 2013 760 2047 des
781 2013 865 2047 We-

121 2070 195 2104 ges.
223 2080 265 2084 -
292 2059 341 2093 Es
367 2059 417 2093 ist
443 2059 607 2094 dieselbe
631 2058 775 2100 Strasse‚
802 2059 870 2093 auf

119 2106 281 2140 welcher
313 2106 364 2140 sie
398 2106 621 2150 gekommen
648 2106 729 2140 sind
757 2107 863 2151 (Kap.

120 2156 177 2195 51,
195 2156 263 2196 10),
290 2164 360 2187 von
382 2154 445 2187 der
467 2157 578 2197 porta
597 2153 744 2188 Collina
768 2154 864 2187 nach

120 2199 276 2234 Ficulea
313 2200 423 2243 (auch
459 2200 498 2242 1,
532 2204 594 2242 38,
627 2203 649 2233 4
686 2201 864 2242 erwahnt‚

119 2247 285 2281 nachher
318 2247 564 2291 verschollen)
599 2246 675 2281 und
705 2247 863 2281 Nomen-

119 2297 205 2329 tum.

167 2342 209 2375 in
239 2344 355 2375 monte
387 2340 516 2386 Sacro]
556 2340 864 2386 ungewohnliche

120 2388 402 2432 Wortstellung.
431 2387 516 2433 Vgl.
536 2387 628 2432 Kap.
653 2392 705 2431 15,
728 2391 759 2422 3.

166 2442 375 2476 modestiam
390 2441 558 2486 patrum]
579 2441 639 2476 bei
660 2441 725 2475 der
741 2442 864 2475 ersten

121 2487 323 2522 Secession.
350 2487 433 2532 Vgl.
454 2488 534 2523 Liv.
556 2488 590 2531 2,
611 2491 667 2531 32,
686 2493 707 2522 4
735 2488 864 2523 castris

120 2536 244 2579 quieti,
268 2546 342 2569 rem
361 2536 501 2569 nullam
525 2536 601 2570 m'si
624 2535 864 2570 ‘neeessariam

121 2583 170 2616 ad
188 2583 322 2616 victum
340 2583 523 2625 sumendo,
544 2593 612 2628 per
630 2583 769 2627 aliquot
788 2583 863 2617 dies

120 2639 231 2673 neque
257 2629 413 2663 lacessiti
432 2640 544 2674 neque
569 2631 775 2664 lacessentes
794 2639 865 2664 sese

119 2678 270 2710 tenuere.

163 2729 280 2773 plebs]
309 2728 368 2763 die
393 2729 523 2774 fibrige
547 2728 668 2773 Plebs,
695 2729 743 2763 da
769 2728 864 2763 auch

123 2773 189 2809 das
215 2775 312 2809 Heer
337 2787 402 2810 aus
428 2775 623 2820 Plebejern
649 2775 815 2811 bestand.

171 2835 202 2867 5.
228 2833 347 2878 vasta]
377 2834 473 2878 εὂᾱθ,
496 2834 680 2879 verodet’,
707 2835 779 2868 den
797 2845 863 2868 un-

987 1709 1018 1740 6.
1064 1715 1167 1739 ruere
1210 1714 1253 1738 ac
1295 1703 1497 1747 deflayrare
1541 1700 1678 1747 omnia]

938 1751 1200 1795 Bezeichnung
1225 1750 1289 1784 des
1315 1748 1618 1794 Burgerkrieges.

988 1804 1018 1834 7.
1063 1809 1138 1833 ‘non
1168 1797 1298 1842 pudet]
1338 1796 1407 1831 mit
1439 1795 1683 1830 besonderem

938 1846 1066 1880 Affekt
1115 1843 1369 1889 gesprochene
1418 1842 1537 1887 Frage
1587 1842 1683 1877 ohne

938 1891 1223 1937 Fragepartikel
1246 1893 1305 1936 (=
1323 1901 1443 1925 tnorme
1462 1900 1522 1924 vos
1541 1890 1682 1934 pudet).

986 1938 1160 1985 aliorum]
1187 1938 1293 1973 Auch
1318 1937 1378 1972 die
1403 1936 1582 1972 Liktoren
1606 1938 1683 1970 tru-

938 1999 1011 2033 gen
1038 1987 1096 2021 die
1124 1987 1237 2031 Toga.

939 2044 1144 2115 εὸἒῖοἶίῗῖ
1145 2033 1221 2115 '3132-
1234 2028 1681 2113 ἷῗὲᾞὲῗῖἰῖίθῗῗέᾱῗῗ

939 2140 1040 2173 gung
1065 2128 1126 2162 ist.

984 2179 1016 2209 8.
1056 2174 1174 2219 atqui]
1211 2173 1301 2207 ‘nun
1327 2171 1430 2206 aber’
1466 2169 1570 2204 ftihrt
1599 2180 1680 2204 ver-

936 2222 1107 2257 sichernd
1120 2221 1192 2255 den
1205 2220 1402 2255 Untersatz
1415 2217 1514 2253 eines
1531 2216 1681 2251 Schlus-

937 2280 994 2303 ses
1034 2269 1103 2302 ein.
1154 2266 1209 2301 Im
1249 2263 1589 2310 Vorhergehenden
1629 2262 1682 2297 ist

936 2316 1001 2350 der
1023 2314 1201 2349 Obersatz
1228 2313 1440 2348 enthalten:
1467 2309 1596 2345 Damit
1620 2309 1681 2344 die

937 2362 1047 2397 Stadt
1071 2362 1175 2396 nicht
1199 2373 1242 2395 zu
1269 2359 1417 2395 Grunde
1442 2358 1554 2403 gehe,
1590 2354 1682 2392 muss

935 2409 995 2444 die
1015 2409 1124 2444 Plebs
1148 2409 1187 2443 in
1207 2406 1368 2442 dieselbe
1389 2404 1680 2440 zurfickkehren.

937 2457 1038 2491 Dazu
1058 2455 1109 2490 ist
1127 2456 1340 2491 Untersatz:
1367 2451 1455 2487 Nun
1479 2452 1569 2486 aber
1587 2449 1681 2485 wird

937 2504 996 2538 die
1022 2503 1133 2538 Plebs
1159 2514 1228 2537 nur
1253 2500 1548 2540 zun‘iokkehren,
1575 2506 1681 2532 wenn

936 2552 988 2585 sie
1009 2550 1067 2585 die
1090 2548 1385 2584 Volkstribunen
1407 2542 1680 2580 zuri'ickerhalt.

936 2598 986 2632 Es
1030 2595 1176 2641 ergiebt
1219 2596 1296 2630 sich
1339 2594 1404 2628 der
1441 2588 1679 2627 Sohlusssatz:

936 2644 1026 2679 Also
1060 2641 1150 2678 muss
1183 2643 1249 2677 das
1276 2638 1563 2676 Volketribunat
1594 2636 1678 2672 wie-

937 2692 1002 2726 der
1027 2688 1250 2734 hergestellt
1274 2687 1431 2722 werden.

983 2749 1058 2773 non
1090 2741 1141 2772 est
1170 2734 1352 2779 habenda]
1383 2732 1458 2766 Das
1491 2729 1680 2783 Gerundiv

936 2785 1007 2820 mit
1039 2784 1139 2820 einer
1170 2780 1355 2826 Negation
1391 2778 1566 2813 bedeutet
1598 2786 1678 2812 eme

937 2828 1257 2876 Unmoglichkeit3
1284 2827 1376 2871 Kap.
1400 2829 1454 2870 11,
1475 2829 1496 2859 4
1516 2835 1551 2859 u.
1573 2827 1631 2867 39,
1645 2827 1678 2859 5.
