1799 3105
75 91 104 109 a.
126 83 191 109 Chr.
210 91 238 108 n.
258 83 320 109 465.
339 83 400 108 464.

81 181 232 224 excitis
277 183 551 236 quaererent,
597 181 699 236 quid
743 182 806 223 rei
856 184 982 225 esset.

616 72 762 107 LIBER
787 72 848 108 ΙΙΙ.
900 71 1002 108 ΟΑΡ.
1029 77 1062 109 4.
1089 77 1122 108 5.

1627 74 1651 115 7

1052 182 1123 237 qui
1168 197 1265 223 cum
1309 182 1424 224 haud
1469 185 1647 238 gravate
1676 197 1696 226 6

77 241 308 295 venissent,
339 240 573 282 introducti
606 256 631 282 a
657 241 908 283 consulibus
936 241 988 282 ad
1018 243 1217 283 senatum
1242 241 1306 282 ita
1332 243 1649 296 responderunt

80 301 136 342 ad
161 300 449 355 interrogata,
475 302 523 341 ut
548 301 686 355 magis
715 300 905 355 suspecti
933 315 1060 355 quam
1088 303 1296 342 venerant
1317 301 1648 344 dimitterentur.

199 358 370 400 Bellum
409 359 506 401 inde
538 359 653 400 haud
686 359 863 400 dubium
895 359 1058 401 haberi.

1122 359 1191 415 Sp.
1224 359 1390 415 Furius,
1424 362 1648 403 consulum
1676 374 1695 405 7

77 419 206 473 alter,
232 418 316 460 'cui
358 433 407 460 ea
444 418 668 472 provincia
701 421 925 473 evenerat,
957 418 1175 472 profectus
1208 420 1254 461 in
1284 418 1461 475 Aequos
1494 420 1649 462 Herni-

76 492 226 519 corum
246 477 291 518 in
312 492 417 533 agro
443 477 799 532 populabundum
827 477 995 519 hostem
1021 478 1188 520 invenit
1214 479 1477 534 ignarusque
1504 480 1650 521 multi-

77 537 254 591 tudinis,
275 537 375 591 quia
394 551 608 591 nusquam
634 536 834 578 universa
855 539 1087 591 conspecta
1107 538 1259 593 fuerat,
1279 539 1488 593 imparem
1513 539 1649 594 copiis

78 596 312 638 exercitum
344 598 504 636 temere
535 609 708 650 pugnae
741 596 967 637 commisit.
1011 597 1152 650 primo
1180 612 1390 639 concursu
1422 598 1571 652 pulsus
1599 613 1644 640 se
1672 611 1693 642 8

76 655 192 696 intra
230 657 371 696 castra
408 655 583 709 recepit.
633 669 769 710 neque
807 655 843 695 is
882 654 980 696 finis
1019 656 1200 710 periculi
1231 656 1330 712 fuit,
1376 672 1561 712 namque
1602 659 1644 699 et

73 714 270 768 proxima
295 715 424 754 nocte
451 716 494 754 et
523 715 698 769 postero
725 713 791 755 die
823 716 948 755 tanta
974 715 1016 755 vi
1054 717 1196 756 castra
1229 718 1329 757 sunt
1361 717 1645 759 circumsessa

75 776 206 828 atque
244 775 515 828 oppugnata,
559 775 607 814 ut
645 787 699 814 ne
738 773 915 815 nuntius
958 773 1130 828 quidem
1168 774 1265 815 inde
1306 775 1420 816 mitti
1460 775 1643 818 Romam

74 834 235 886 posset.

297 831 473 873 Hernici
505 834 548 873 et
579 832 690 873 male
722 835 965 887 pugnatum
998 835 1039 874 et
1071 834 1291 875 consulem
1325 835 1643 890 exercitumque
1671 848 1691 880 9

76 891 265 933 obsideri
297 891 607 933 nuntiaverunt
638 894 895 947 tantumque
933 894 1143 934 terrorem
1182 893 1401 935 incussere
1433 895 1644 949 patribus,

73 954 122 992 ut
157 974 207 980 —
237 965 345 1005 quae
377 950 518 993 forma
552 954 726 992 senatus
754 951 939 993 consulti
964 952 1142 993 ultimae
1176 967 1345 1007 semper
1371 953 1669 995 necessitatis
1667 959 1691 996 1

73 1009 226 1051 habita
265 1012 331 1051 est
371 1034 424 1039 --
464 1010 710 1064 Postumio,
752 1010 876 1052 alteri
923 1012 1164 1066 consulum,
1202 1012 1427 1065 negotium
1461 1013 1646 1068 daretur,

72 1069 252 1120 videret,
291 1083 344 1110 ne
384 1069 485 1124 quid
530 1084 596 1110 res
635 1070 808 1124 publica
848 1070 1096 1112 detrimenti
1129 1074 1310 1125 caperet.

79 1128 215 1170 sulem
243 1102 410 1170 'Romae
443 1143 616 1171 manere
644 1129 697 1170 ad
725 1129 1054 1171 conscribendos
1088 1144 1250 1186 omnes,
1283 1131 1356 1185 qui
1390 1146 1510 1173 arma
1536 1131 1646 1173 ferre

74 1190 265 1242 possent,
299 1188 511 1242 optimum
549 1189 690 1230 visum
724 1191 806 1242 est,
843 1203 921 1242 pro
963 1189 1137 1230 consule
1177 1189 1224 1232 T.
1259 1189 1509 1239 Quinctium
1549 1191 1647 1232 sub-

76 1246 186 1288 sidio
220 1247 374 1288 castris
416 1262 513 1288 cum
552 1247 703 1289 sociali
742 1247 931 1289 exercitu
970 1248 1098 1290 mitti.

74 1305 218 1347 Latini
250 1305 514 1361 Hernicique
546 1309 589 1348 et
627 1306 797 1348 colonia
829 1307 1010 1348 Antium
1042 1308 1143 1349 dare
1177 1307 1377 1356 Quinctio
1412 1309 1645 1357 subitarios

74 1366 234 1406 milites
267 1390 322 1394 —
356 1366 417 1407 ita
448 1369 543 1407 tum
574 1366 801 1420 repentina
834 1367 995 1407 auxilia
1028 1368 1310 1421 appellabant
1348 1393 1397 1397 —

1432 1369 1550 1410 iussi.

191 1424 318 1466 Multi
354 1439 432 1479 per
470 1440 543 1467 eos
582 1425 672 1466 dies
718 1427 861 1466 motus
901 1426 1110 1480 multique
1148 1427 1335 1481 impetus
1377 1428 1479 1469 hinc
1518 1430 1646 1482 atque
1673 1429 1700 1472 5

71 1483 191 1525 illinc
229 1483 352 1537 facti,
391 1485 491 1540 quia
523 1487 751 1539 superante
784 1484 1061 1527 multitudine
1099 1485 1249 1528 hostes
1289 1501 1464 1541 carpere
1503 1487 1647 1529 multi-

121 1624 270 1669 54177771
306 1625 360 1659 rei
391 1624 493 1670 esset]
535 1624 632 1659 ‘was
669 1635 718 1659 an
759 1624 824 1660 der

74 1671 194 1706 Sache
230 1671 301 1715 sei,
335 1682 411 1706 was
449 1672 648 1716 vorgehe',
688 1672 821 1707 anders

72 1717 167 1763 Kap.
197 1723 252 1761 17,
279 1722 299 1752 2
326 1719 415 1763 quid
439 1719 505 1754 hoc
529 1720 584 1754 rei
608 1723 669 1754 est.

124 1770 154 1801 6.
190 1767 238 1801 ad
274 1766 457 1812 senatum]
499 1766 601 1801 ‘vor
645 1767 716 1801 den
756 1767 821 1811 S.⁷‚

73 1815 180 1849 sonst
209 1814 251 1848 in
287 1816 452 1848 senatum
480 1812 562 1858 (22,
590 1817 653 1856 37,
687 1814 742 1859 2),
780 1815 822 1848 777

73 1861 216 1897 cariam
242 1859 317 1906 (22,
347 1864 377 1903 1,
407 1862 480 1904 14);
515 1864 643 1906 streng
668 1872 819 1906 genom-

75 1919 165 1946 men
188 1909 229 1943 777
254 1909 396 1943 curiam
423 1909 472 1943 ad
496 1912 672 1943 senatum.

123 1959 155 1992 7.
182 1967 224 1991 ea
243 1955 459 2002 prot-incia]
481 1955 594 1990 naml.
616 1956 688 1990 den
708 1955 824 2001 Krieg

73 2014 196 2049 gegen
221 2003 281 2037 die
307 2003 433 2047 Aquer
459 2014 502 2037 zu
527 2003 671 2038 ffihren.

123 2050 314 2096 universa]
343 2050 382 2084 in
407 2049 508 2085 ihrer
534 2050 780 2086 Gesamtheit.

122 2098 254 2144 copiis]
281 2098 406 2133 Ablat.
427 2097 665 2134 limitationis
687 2110 732 2133 zu
757 2099 822 2133 im-

100 2157 206 2182 arem.

66 2158 154 2229 ΡΒ.
180 2194 282 2228 intra
313 2193 452 2239 east-ra]
486 2210 530 2222 =
565 2194 669 2228 intra
703 2194 822 2228 77777777·-

73 2245 195 2276 menta
214 2244 426 2284 castrorum,
448 2241 496 2275 da
515 2241 618 2276 intra
634 2241 821 2285 (‘hinter')

74 2289 178 2324 sonst
214 2300 283 2322 nur
320 2287 382 2322 bei
424 2289 689 2333 Bewegungen
730 2289 823 2323 fiber

75 2337 158 2371 eine
185 2334 396 2369 Grenzlinie
431 2335 590 2370 hinfiber
616 2336 823 2380 gebraucht

75 2383 183 2417 wird:
212 2381 314 2416 Caes.
337 2381 372 2417 b.
395 2381 436 2416 G.
464 2382 498 2425 1,
515 2386 570 2425 32,
592 2386 612 2417 5
639 2384 702 2427 qui
721 2385 823 2418 intra

73 2432 163 2474 fines
205 2440 289 2464 suos
326 2430 554 2463 Ariovistum
590 2431 823 2474 recepissent,-

75 2478 154 2512 Liv.
188 2476 248 2519 36,
278 2480 332 2519 15,
361 2480 380 2510 5
420 2477 521 2511 intra
551 2477 685 2511 saltum
714 2478 823 2511 Ther—

74 2525 304 2572 mopylaoum
327 2534 401 2558 sese
431 2524 583 2567 recepit‚·
615 2523 682 2566 38,
710 2528 773 2567 27,
802 2528 821 2558 2

68 2573 188 2618 pauci
213 2573 290 2607 77777
293 2583 315 2606 α
335 2571 559 2605 77777777777077777
585 2550 734 2614 (ebeiiso
761 2552 821 2615 25,

75 2624 202 2663 40,11
232 2631 266 2654 u
300 2618 361 2662 36,
390 2622 444 2662 18,
473 2620 508 2663 6)
541 2629 613 2653 sese
642 2629 822 2662 recepere,-

74 2667 110 2711 4,
138 2671 194 2711 29,
222 2671 241 2702 3
269 2667 293 2700 7”.
322 2646 482 2708 vallmiz,·
510 2665 542 2709 7,
565 2668 620 2709 11,
642 2670 659 2700 7
687 2666 822 2710 71707-

74 2719 151 2757 tas‚·
177 2714 239 2758 36,
267 2717 322 2757 17,
352 2717 394 2748 10
419 2715 443 2749 7’.
470 2724 588 2758 rupea

124 2766 156 2798 9.
183 2773 275 2807 quae
299 2762 420 2804 forma
441 2790 447 2796 .
471 2788 477 2795 .
501 2789 506 2796 .
532 2760 659 2795 habita
679 2760 743 2806 est]
771 2760 821 2794 im

77 2808 293 2844 Deutschen
319 2819 384 2843 ans
404 2809 509 2843 Ende
536 2808 600 2842 des
623 2808 750 2842 Satzes
778 2820 822 2842 zu

78 2856 223 2891 stellen.
257 2877 300 2882 ——
332 2855 375 2890 In
413 2856 540 2891 Zeiten
572 2853 709 2900 grosser
746 2855 824 2890 Not

896 1625 1023 1659 wurde
1059 1626 1248 1661 entweder
1282 1627 1342 1661 ein
1373 1626 1551 1662 Diktator
1583 1638 1646 1672 ge-

896 1673 1014 1707 wahlt
1052 1673 1142 1708 oder
1180 1673 1297 1708 durch
1335 1675 1407 1708 den
1445 1674 1645 1710 Senatsbe-

897 1718 1032 1754 schluss
1068 1720 1230 1756 ‘videant
1268 1723 1445 1764 0077377708,
1480 1733 1525 1757 770
1556 1723 1647 1767 quid

894 1767 1521 1851 {252331‘2'2'3511553333533<5533ssssssss
1531 1769 1645 1852 ’ᾗὲἓέ

894 1863 1036 1905 tragen.
1090 1861 1179 1897 Sall.
1207 1863 1285 1898 Cat.
1313 1867 1370 1906 29,
1397 1868 1428 1898 3.

947 1913 1001 1944 10.
1022 1920 1094 1954 pro
1120 1911 1280 1956 consule]
1315 1912 1458 1946 anstatt
1490 1911 1554 1946 des
1587 1911 1643 1955 K,

897 1957 951 1990 als
965 1957 1095 1992 dessen
1111 1956 1398 2003 Stellvertreter,
1420 1959 1534 1993 daher
1548 1959 1644 1994 auch

895 2004 965 2038 mit
992 2004 1075 2039 dem
1102 2005 1305 2049 Imperium
1339 2006 1535 2041 consulare
1562 2017 1642 2041 aus-

895 2052 1075 2096 gerustet.

943 2110 1023 2134 077777
1060 2100 1190 2135 sociali
1233 2101 1411 2147 eoeereitu]
1456 2101 1645 2137 Daranter

896 2146 979 2181 sind
1005 2147 1103 2182 nach
1129 2146 1222 2192 Kap.
1251 2152 1353 2192 5,15
1380 2161 1450 2183 nur
1469 2148 1645 2194 Truppen

896 2193 962 2228 der
998 2194 1153 2229 Latiner
1190 2195 1448 2231 u.He1niker
1483 2208 1526 2230 zu
1563 2208 1643 2231 ver-

897 2241 1040 2286 stehen,
1065 2242 1126 2276 fu'r
1149 2243 1387 2287 gewohnlich
1409 2243 1467 2278 die
1488 2243 1644 2279 Kontin-

895 2291 1018 2333 gente,
1048 2290 1189 2324 welche
1217 2289 1269 2325 sie
1296 2291 1392 2325 nach
1414 2291 1498 2325 dem
1518 2291 1644 2325 Bsind-

895 2336 951 2370 nis
996 2336 1057 2371 bei
1101 2337 1202 2372 einer
1247 2337 1506 2373 ordentliohen
1550 2337 1643 2373 Aus-

895 2383 1048 2429 hebung
1074 2397 1118 2418 zu
1144 2384 1277 2420 stellen
1302 2385 1444 2420 hatten.

946 2434 1001 2465 11.
1028 2432 1077 2466 ad
1096 2443 1175 2466 077777
1195 2433 1427 2479 explendum]
1456 2431 1538 2468 Wie
1555 2443 1643 2467 man

896 2488 941 2511 zu
984 2477 1074 2513 [tom
1106 2478 1180 2513 alle
1217 2479 1522 2524 Waffenfahigen
1561 2492 1643 2515 aus-

896 2525 983 2569 hob,
1018 2537 1059 2561 so
1084 2526 1211 2561 wurde
1237 2528 1334 2561 auch
1362 2528 1428 2561 das
1455 2527 1552 2562 Heer
1578 2528 1644 2562 der

895 2571 1179 2617 Bundesgenoss
1183 2584 1229 2607 en
1265 2575 1381 2608 durch
1413 2574 1644 2619 Beiziehung

897 2619 962 2652 der
987 2620 1177 2654 Reserven
1203 2621 1527 2665 vervollstandigt.

943 2665 981 2700 5.
997 2670 1027 2702 1.
1040 2671 1233 2712 superante
1246 2668 1496 2714 multitudine]
1506 2669 1642 2704 ebenso

895 2711 1361 2759 521,4u.‚,39545;
1390 2716 1640 2761 vg.„18101

896 2770 978 2794 077777
1003 2762 1089 2796 aliis
1118 2763 1292 2806 partibus
1317 2728 1519 2799 multigtudo
1537 2774 1641 2809 377ρο-

895 2811 996 2844 mmet
1020 2809 1252 2844 Latinorum.

944 2857 1106 2903 carpere]
1118 2856 1383 2893 militarischer
1390 2860 1496 2895 term.
1506 2858 1641 2903 techa,

1372 1072 1515 1126 ipsum
1548 1086 1645 1114 con·
1675 1085 1718 1117 10

1162 1249 1215 1290 ad
1254 1263 1350 1290 eum
1390 1250 1646 1304 explendum
1675 1263 1716 1294 11
