1799 3105
131 233 180 268 32

157 471 176 501 2

153 864 175 895 3
201 868 338 895 mores
371 854 495 905 atque
526 849 723 890 instituta
747 861 889 903 regem
913 848 1138 890 abiturum.

155 1089 177 1120 4
203 1093 346 1132 regem
378 1078 490 1118 inter
520 1074 675 1115 sacella
706 1074 749 1114 et
769 1087 860 1114 aras
883 1075 1074 1114 acturum
1097 1087 1187 1114 esse
1208 1087 1386 1127 regnum
1409 1073 1505 1116 rati.

214 134 245 172 1<
253 132 293 172 Ὀ

764 127 907 162 LIBER
932 127 958 162 I.
1006 127 1107 166 CAP.
1133 133 1186 164 32.

1502 150 1528 169 a.
1548 149 1578 168 u.
1600 141 1746 170 114—138.

311 233 480 274 Mortuo
512 229 634 270 Tullo
674 243 760 279 reS,
800 232 848 270 ut
886 229 1129 271 institutum
1170 231 1253 272 iam
1284 231 1381 272 inde
1411 231 1464 272 ab
1493 230 1615 272 initio
1645 232 1749 284 erat,

200 292 251 332 ad
275 293 414 345 patres
436 286 632 334 redierat,
654 285 783 339 hique
804 286 1063 340 interregem
1084 287 1420 328 nominaverant.
1472 301 1555 342 quo
1579 287 1752 329 comitia

200 349 382 389 habente
416 346 580 384 Ancum
614 341 818 382 Marcium
857 355 1000 397 regem
1032 342 1214 397 populus
1245 344 1424 396 creavit;
1462 346 1603 397 patres
1633 343 1750 385 fuere
1788 388 1794 395 ,

200 407 402 446 auctores.
442 398 608 440 Numae
631 397 814 452 Pompili
836 400 947 452 regis
969 412 1114 452 nepos,
1136 399 1224 439 filia
1246 402 1377 450 ortus,
1401 401 1544 441 Ancus
1565 398 1751 440 Marcius

207 463 308 501 erat.

368 457 439 512 qui
470 458 518 496 ut
548 467 726 509 regnare
759 455 915 508 coepit,
947 457 988 495 et
1019 455 1156 496 avitae
1187 455 1345 511 gloriae
1377 469 1547 505 memor,
1583 458 1625 497 et
1653 455 1753 510 quia

199 516 439 571 proximum
471 525 672 565 regnum,
714 513 854 552 cetera
885 512 1125 565 egregium,
1157 512 1208 552 ab
1240 526 1324 553 una
1352 514 1472 566 parte
1503 510 1616 553 haud
1647 512 1751 553 satis

198 583 446 627 prosperum
484 567 645 620 fuerat,
684 569 757 607 aut
794 567 1004 621 neglectis
1044 568 1323 622 religionibus
1352 570 1424 609 aut
1452 581 1579 622 prave
1611 567 1750 618 cultis,

200 631 327 683 longe
368 625 481 680 [que]
516 623 856 677 antiquissimum
895 626 1010 664 ratus
1051 638 1168 665 sacra
1204 624 1394 678 publica,
1435 627 1482 665 ut
1520 624 1573 665 ab
1610 622 1752 666 Numa

198 685 397 726 instituta
433 682 574 732 erant,
605 679 759 733 faeere,
791 679 933 721 omnia
963 694 1011 720 ea
1041 694 1090 721 ex
1122 681 1438 721 commentariis
1468 680 1581 735 regis
1611 680 1751 734 ponti-

198 742 319 782 ficem
365 740 408 780 in
454 737 594 778 album
640 736 772 777 relata
819 750 1054 789 proponere
1100 736 1143 777 in
1180 736 1351 790 publico
1390 736 1519 778 iubet.
1561 736 1678 779 .inde
1709 739 1752 777 et

199 797 361 839 civibus
406 794 480 836 otii
528 791 690 846 cupidis
729 794 771 833 et
808 792 1001 833 finitimis
1033 793 1277 834 civitatibus
1315 793 1428 834 facta
1466 807 1561 847 spes
1599 792 1644 833 in
1683 792 1750 834 avi

1200 849 1333 903 igitur
1354 848 1509 900 Latini,
1542 862 1636 890 cum
1661 848 1750 903 qui-

197 910 276 951 bus
307 908 430 950 Tullo
468 907 675 960 regnante
715 905 846 945 ictum
877 904 1027 945 foedus
1059 910 1166 954 erat,
1206 905 1467 946 sustulerant
1498 905 1661 946 animos
1693 907 1748 958 et,

199 981 293 1008 cum
333 963 616 1006 incursionem
647 962 692 1001 in
724 975 871 1015 agrum
909 960 1149 1002 Romanum
1189 961 1411 1013 fecissent,
1458 960 1749 1015 repetentibus

200 1037 267 1063 res
299 1019 504 1063 Romanis
541 1017 719 1071 superbe
757 1030 1005 1070 responsum
1046 1017 1248 1071 reddunt,
1288 1017 1476 1058 desidem
1507 1016 1749 1058 Romanum

1565 1073 1749 1114 medium

201 1138 293 1177 erat
313 1135 357 1175 in
380 1135 500 1174 Anco
522 1130 757 1185 ingenium,
789 1132 830 1170 et
851 1128 1015 1170 Numae
1038 1132 1080 1170 et
1102 1129 1271 1171 Romuli
1294 1144 1471 1182 memor3
1505 1133 1548 1171 et
1567 1132 1751 1184 praeter-

201 1205 325 1246 quam
359 1189 466 1244 quod
499 1188 568 1229 avi
598 1199 730 1241 regno
762 1186 897 1239 magis
928 1186 1207 1228 necessariam
1234 1186 1363 1227 fuisse
1384 1200 1531 1240 pacem
1555 1185 1752 1227 credebat

198 1349 261 1382 list
285 1348 369 1381 Piso
395 1345 537 1380 erzithlt
562 1344 636 1386 (bei
660 1343 751 1377 Plin.
778 1354 812 1376 n.
833 1342 866 1376 h.
886 1346 940 1385 28,

201 1397 256 1434 14)
284 1392 431 1427 Tullum
455 1391 559 1424 Host.
583 1399 699 1433 reyem
727 1398 771 1421 ea·
796 1387 942 1421 Numae

198 1438 304 1472 libris
350 1437 468 1471 eodem
511 1444 580 1478 quo
622 1434 727 1468 illum
762 1432 940 1475 sacrificio

197 1483 319 1517 Iovem
340 1482 437 1516 eaelo
462 1481 632 1515 devocare
650 1481 833 1518 conatum,
858 1486 941 1520 quo-

196 1529 297 1562 niam
320 1537 456 1571 parum
485 1526 554 1560 rite
583 1523 763 1568 quaedam
787 1522 940 1564 fecisset,

197 1573 354 1615 fulmine
378 1572 499 1606 ictum.

195 1651 263 1690 3⁶2.
302 1650 432 1685 Wahl
465 1648 553 1683 und
585 1646 839 1682 Charakter
864 1645 940 1680 des

272 1698 430 1730 Ancus.
480 1693 764 1735 Einsetzung
789 1691 866 1724 der

457 1738 681 1773 Fetialen.

247 1801 276 1830 1.
302 1797 347 1830 ab
363 1795 485 1837 inicio,
512 1793 633 1839 gleich
651 1792 712 1827 bei
732 1792 796 1827 der
817 1793 941 1826 ersten

198 1841 428 1884 Erledigung
460 1840 524 1874 des
549 1839 730 1879 Thrones,
765 1849 792 1875 c,
822 1841 872 1872 17.
898 1856 940 1861 -

198 1898 255 1922 res
279 1886 453 1928 redierat,
481 1897 507 1919 S.
535 1895 563 1920 c,
590 1888 644 1925 22,
672 1889 700 1917 1.
719 1902 760 1907 -
778 1882 941 1917 nomina-

200 1935 340 1973 veo-ant,
360 1942 429 1964 nur
446 1930 527 1964 hier
543 1940 628 1963 vom
644 1928 822 1971 Interrex,
842 1927 943 1960 sonst

195 1977 352 2021 prodere
386 1975 458 2009 und
491 1984 612 2009 creare
628 1973 647 1994 ²¹²
671 1992 713 1996 —
738 1972 888 2012 creavit,
914 1983 941 2005 s.

202 2033 232 2056 c.
269 2026 320 2063 17,
348 2025 378 2054 9.
405 2041 445 2044 ——
472 2020 552 2063 filia
577 2021 677 2053 ortus
702 2017 790 2060 (Cic.
816 2015 941 2051 wfirde

229 2067 334 2109 esagt
362 2065 484 2099 haben
515 2076 539 2098 a
569 2063 650 2107 filia
683 2064 810 2105 ortus.)
858 2060 942 2095 Sein

224 2111 319 2145 'ater
344 2110 435 2142 wird
453 2108 555 2142 nicht
572 2107 738 2142 erwahnt
755 2107 842 2150 (Cic.
863 2117 940 2149 rep.

202 2160 232 2196 2,
249 2158 348 2197 18,33
363 2155 512 2188 obseura
531 2156 578 2187 est
592 2153 747 2186 historia
760 2151 940 2190 Romana,

199 2201 231 2235 si
251 2199 397 2243 quidem
420 2199 528 2232 istius
551 2198 644 2241 freyis
663 2200 813 2231 matrem
842 2196 942 2230 habe—

199 2256 295 2285 mus,
334 2245 546 2288 iynoramus
576 2246 735 2286 patrem)
769 2241 842 2275 und
875 2251 943 2274 nur

200 2290 268 2324 auf
288 2289 388 2323 seine
415 2288 687 2331 Abstammung
711 2296 783 2320 von
809 2285 941 2323 Numa,

200 2335 332 2368 dessen
370 2332 556 2367 Ebenbild
595 2342 634 2366 er
670 2332 739 2373 ist,
778 2329 944 2365 Gewicht

200 2380 325 2424 gelegt
362 2380 406 2423 (c.
439 2382 494 2419 34,
529 2381 583 2419 6),
622 2376 706 2410 weil
744 2386 783 2409 er
819 2386 857 2409 so
890 2374 943 2408 als

201 2424 375 2465 Sabiner,
424 2422 489 2457 der
536 2422 654 2456 vierte
694 2420 817 2463 K6nig
864 2419 941 2453 also

199 2469 337 2503 wieder
368 2478 432 2502 aus
463 2467 533 2501 den
567 2466 683 2500 Tities
722 2475 942 2509 genommen

201 2513 394 2548 erscheint.

245 2563 275 2595 2.
290 2567 433 2598 memor,
452 2560 483 2591 et
498 2557 597 2600 quia,
616 2556 708 2590 fiber
722 2555 793 2589 den
807 2554 938 2588 Wech›

202 2603 257 2638 sel
283 2603 349 2637 der
374 2601 639 2636 Konstruktion
673 2612 700 2634 s.
727 2612 770 2634 zu
795 2611 824 2634 c.
850 2603 882 2639 4,
909 2603 938 2632 2.

203 2668 245 2672 -
287 2652 421 2689 cetera,
462 2645 653 2681 adverbial
693 2643 942 2689 gebrauchter

200 2693 348 2733 Aecus,
392 2704 417 2726 S.
458 2703 500 2725 zu
533 2702 561 2726 c.
594 2695 625 2731 9,
660 2694 716 2733 153
750 2693 782 2730 8,
813 2694 844 2730 3,
877 2689 941 2722 ‘im

201 2738 373 2781 iibrigen,
391 2738 517 2776 sonst’,
541 2736 622 2770 eine
642 2735 709 2768 Art
730 2734 941 2768 Graeismus

204 2780 264 2815 (τὰ
291 2779 434 2824 λοιποὶ),
460 2781 530 2815 den
556 2779 628 2814 cio.
656 2779 775 2818 nicht,
805 2779 943 2813 Sallust

204 2826 321 2860 seiten
354 2826 425 2859 (ΕΓ.
461 2829 544 2867 196,
571 2829 611 2859 13
637 2824 769 2867 imperi
795 2854 801 2861 ,
830 2850 837 2857 .
859 2834 941 2867 per—

1011 1343 1170 1386 cupidus
1194 1343 1410 1386 habebatur,
1434 1346 1552 1378 eetera
1576 1344 1750 1387 eyreyz'us,

1010 1388 1088 1432 lug.
1121 1392 1180 1430 19,
1213 1390 1246 1429 7)
1272 1388 1354 1428 hat,
1399 1388 1569 1432 dagegen
1600 1386 1753 1422 Dichter

1010 1433 1086 1467 und
1124 1433 1278 1476 Spatere
1316 1433 1443 1468 often*
1496 1431 1630 1476 Spater
1666 1434 1750 1476 sagt

1011 1477 1088 1514 Liv.
1115 1478 1164 1529 dd
1188 1481 1321 1513 cetera:
1354 1482 1407 1518 37,
1436 1481 1467 1520 7,
1495 1481 1536 1512 15
1561 1477 1611 1521 qd
1635 1480 1750 1512 cetera

1010 1533 1203 1612 {⁹133ssss·
1219 1527 1545 1610 sffffiu¹z.41f²·1.⁰'-
1562 1521 1750 1611 {2230225

1011 1613 1093 1654 bus,
1130 1613 1307 1647 ‘Kultus’.
1344 1631 1387 1636 —
1422 1611 1755 1655 antiquissimum*

1010 1678 1052 1682 —
1077 1657 1346 1693 commentariis
1373 1657 1488 1701 reyis,
1521 1667 1547 1691 S.
1581 1667 1611 1694 e.
1636 1661 1690 1700 20,
1717 1661 1749 1693 5.

1015 1723 1049 1752 —·
1079 1704 1305 1747 pontificem,
1338 1713 1364 1736 s.
1391 1701 1522 1738 ebend.
1549 1721 1591 1725 —
1615 1701 1749 1745 album,

1011 1758 1091 1781 eine
1129 1749 1254 1783 weisse
1293 1746 1361 1780 mit
1391 1745 1481 1790 Gips
1519 1745 1749 1788 tiberzogene

1010 1792 1134 1835 Tafel,
1170 1798 1201 1834 9,
1227 1796 1283 1835 46,
1310 1796 1330 1826 5
1360 1791 1475 1834 fastos
1506 1791 1605 1825 eirea
1629 1790 1750 1833 forum

1010 1838 1051 1871 iu
1081 1837 1161 1872 albo
1191 1837 1391 1882 proposuit.
1426 1860 1465 1864 —
1489 1836 1627 1879 relata,
1659 1836 1750 1870 ‘ein-

1011 1884 1155 1926 tragen,
1168 1880 1751 1924 aufzeichnen’,Kunstausdruck

1011 1929 1052 1962 iu
1077 1927 1199 1962 album
1218 1927 1365 1969 referre,
1389 1938 1414 1960 s.
1434 1938 1462 1960 z.
1482 1925 1522 1960 B.
1538 1925 1614 1962 Cic.
1633 1925 1679 1960 de
1697 1935 1750 1963 or.

1012 1977 1044 2016 2,
1067 1976 1120 2014 12,
1137 1977 1179 2007 52
1198 1974 1239 2016 (s.
1258 1971 1471 2015 Einleitung
1488 1969 1586 2004 Seite
1603 1971 1648 2013 1),
1672 1981 1700 2007 s.
1718 1975 1750 2014 4,

1015 2023 1066 2060 11,
1083 2022 1120 2058 4;
1144 2023 1192 2058 13,
1210 2022 1247 2059 7;
1265 2021 1319 2057 34,
1336 2020 1366 2052 6.
1388 2036 1425 2040 -
1445 2015 1645 2058 abiturum,
1670 2014 1750 2050 dass

1013 2073 1052 2096 er
1082 2062 1160 2096 sich
1191 2064 1278 2105 (von
1309 2061 1380 2095 den
1405 2059 1662 2094 Grundsatzen
1686 2059 1751 2094 der

1012 2107 1164 2152 vorigen
1205 2105 1496 2150 kriegslustigen
1535 2104 1751 2149 Regierung

1012 2152 1072 2194 ab)
1108 2163 1151 2185 zu
1177 2178 1185 2186 .
1211 2179 1219 2186 .
1245 2181 1253 2189 ,
1277 2149 1430 2185 wenden
1455 2149 1596 2192 werde,
1620 2149 1694 2194 vgl.
1720 2160 1750 2184 c.

1012 2201 1064 2238 21,
1092 2200 1130 2236 2ς
1155 2199 1188 2234 3,
1215 2199 1268 2238 20,
1296 2200 1327 2230 5.

1057 2246 1087 2275 3.
1113 2241 1257 2283 foedus,
1289 2239 1414 2274 friiher
1444 2238 1546 2273 nicht
1571 2239 1751 2276 erwahnt.

1012 2307 1049 2311 —
1094 2286 1260 2330 superbe,
1300 2284 1476 2328 Adverb.,
1523 2283 1610 2318 weil
1646 2284 1748 2319 redd.

1011 2341 1103 2374 resp.
1132 2331 1190 2365 ein
1208 2330 1359 2375 Begriff,
1391 2333 1422 2371 2,
1443 2333 1493 2367 15,
1520 2332 1556 2370 2;
1582 2328 1750 2373 haufiger

1014 2376 1078 2410 das
1104 2375 1188 2419 Adj.
1215 2379 1249 2419 6,
1280 2379 1332 2415 17,
1359 2379 1392 2409 7.
1418 2377 1452 2416 8,
1476 2377 1530 2414 23,
1557 2377 1577 2409 3
1601 2385 1637 2409 u.
1655 2377 1688 2409 ὅ.
1706 2393 1748 2398 -

1012 2431 1162 2465 regnum
1177 2431 1291 2465 ayere,
1313 2422 1372 2454 ein
1386 2418 1640 2458 Livianismus,
1655 2417 1749 2453 nach
1785 2430 1793 2447 -·

1012 2466 1148 2507 vitam,
1184 2468 1397 2500 senectutem·
1433 2474 1537 2507 assere
1571 2462 1749 2507 gebildet,

1012 2511 1086 2555 vgl.
1108 2511 1243 2545 militia
1260 2521 1340 2544 eum
1353 2508 1470 2554 yloria
1483 2511 1567 2542 aeta
1580 2512 1611 2551 7,
1627 2511 1680 2549 39,
1698 2511 1750 2542 12.

1010 2561 1103 2634 higit
1122 2552 1599 2634 ”iifssiuiiiittsstassilvigghgrfr
1614 2551 1750 2632 bigitti}

1012 2645 1279 2689 Gegens‘atzen,
1291 2643 1498 2684 Extremen,
1509 2641 1595 2675 dem
1603 2641 1747 2686 kriege-

1010 2690 1155 2724 risehen
1187 2689 1298 2723 Sinne
1330 2688 1394 2722 des
1424 2687 1485 2730 R„
1525 2686 1608 2720 dem
1639 2686 1749 2720 fried-

1011 2734 1133 2768 lichen
1166 2734 1231 2768 des
1255 2733 1315 2774 N„
1349 2736 1380 2775 2,
1405 2736 1458 2772 27,
1486 2736 1504 2765 3
1532 2731 1689 2765 medium
1712 2740 1750 2765 se

1009 2779 1174 2823 yerendo.
1201 2783 1232 2819 9,
1257 2783 1288 2819 3,
1317 2781 1368 2811 11.
1396 2780 1452 2819 24,
1477 2780 1531 2817 45,
1558 2779 1588 2810 7.
1613 2795 1657 2800 —
1679 2785 1749 2810 ‘me-

1010 2834 1098 2866 mor,
1117 2835 1141 2857 s.
1162 2835 1206 2856 zu
1225 2834 1252 2856 e.
1272 2825 1328 2866 28,
1353 2825 1407 2862 11;
1434 2824 1466 2865 6,
1486 2824 1538 2862 27,
1558 2824 1589 2857 8.
1608 2840 1649 2845 -
1667 2830 1749 2855 eum
