1799 3105
99 957 154 999 39

127 1441 148 1470 4
176 1448 333 1475 casum.

168 141 223 183 GG
674 138 814 172 LIBER
843 138 904 172 IV.
950 137 1052 173 CAP.
1079 141 1135 173 38.
1163 143 1207 174 39

1540 159 1565 177 a.
1580 159 1601 177 u
1623 159 1649 178 ο.
1662 153 1729 179 331.

169 247 241 303 qui
274 262 369 290 cum
401 261 558 302 magna
585 260 688 288 voce
720 247 1021 300 exclamasset,
1053 250 1102 289 ut
1127 247 1314 302 equites,
1346 247 1418 302 qui
1451 247 1615 289 salvam
1640 262 1730 289 rem

128 315 147 345 3
167 307 385 362 publicam
417 307 576 348 vellent
609 320 719 360 esse,
752 321 802 347 ex
835 306 956 361 equis
989 306 1229 362 desilirent,
1261 306 1452 348 omnium
1487 309 1731 348 turmarum

169 367 384 422 equitibus
417 366 536 406 velut
575 366 624 406 ad
666 365 855 407 consulis
887 365 1117 420 imperium
1149 366 1280 407 motis
1305 362 1409 407 ‘nisi
1439 366 1557 408 haec’
1588 366 1737 421 inquit

170 425 382 481 ‘parmata
415 425 567 467 cohors
607 424 726 466 sistit
766 425 977 479 impetum
1017 424 1227 480 hostium,
1269 427 1412 467 actum
1457 425 1508 468 dc
1549 425 1733 480 imperio

170 488 246 527 est.

310 484 539 539 sequimini
572 498 649 538 pro
681 483 840 526 vexillo
879 483 1098 539 cuspidem
1139 499 1298 540 meam3
1331 484 1545 526 ostendite
1576 484 1733 526 Roma-

167 545 234 586 nis
267 543 523 598 Volscisque
554 558 692 598 neque
725 543 941 598 equitibus
973 543 1095 585 vobis
1127 543 1241 586 ullos
1275 544 1441 598 equites
1471 558 1550 586 nec
1579 543 1734 599 pediti-

121 612 141 641 4
169 604 247 644 bus
282 617 376 644 esse
408 602 576 657 pedites
608 602 758 657 pares'.

821 617 914 644 cum
949 603 1134 645 clamore
1167 603 1448 657 comprobata
1487 602 1733 645 adhortatio

170 665 303 717 esset,
334 662 454 703 vadit
495 662 582 703 alte
624 662 844 717 cuspidem
886 676 1051 718 gerens.

1123 677 1391 718 quacumque
1431 662 1654 716 incedunt,
1690 662 1734 703 vi

168 721 283 763 viam
315 721 494 776 faciunt,
527 736 576 763 eo
610 736 653 762 se
685 721 877 762 inferunt
911 721 1091 763 obiectis
1122 722 1305 778 parmis,
1336 721 1409 763 ubi
1437 736 1612 764 suorum
1637 721 1733 776 plu-

123 788 141 818 5
169 781 327 822 rimum
365 780 558 823 laborem
597 781 757 822 vident.

824 781 1069 822 restituitur
1107 781 1305 822 omnibus
1342 781 1449 823 locis
1470 790 1652 837 pugna,
1689 780 1735 821 in

171 855 279 895 quae
313 855 384 882 eos
418 840 605 895 impetus
638 840 759 894 tulit3
791 855 868 882 nec
901 839 1077 881 dubium
1112 843 1220 895 erat,
1253 840 1374 896 quin,
1407 840 1444 882 si
1480 843 1570 882 tam
1608 839 1736 895 pauci

171 900 299 941 simul
333 899 451 941 obire
485 899 629 941 omnia
661 902 857 957 PQP’C,
887 901 1013 954 terga
1047 899 1189 941 daturi
1219 900 1368 941 hostes
1400 899 1571 942 fuerint.

290 958 349 1000 Et
381 973 475 1000 cum
509 958 595 1000 iam
629 961 751 1013 parte
784 959 903 1000 nulla
942 958 1272 1014 sustinerentur,
1309 959 1384 1000 dat
1427 958 1599 1015 signum
1629 957 1735 1000 Vol-

172 1032 267 1060 scus
309 1019 562 1073 imperator,
606 1021 655 1059 ut
694 1018 921 1073 parmatis,
964 1032 1101 1060 novae
1146 1018 1314 1059 cohorti
1362 1017 1574 1074 hostium,
1616 1018 1737 1059 locus

123 1083 143 1114 ‘2
172 1078 314 1131 detur,
348 1077 481 1119 donec
513 1077 678 1132 impetu
711 1077 839 1118 inlati
871 1077 924 1118 ab
958 1078 1048 1119 suis
1082 1077 1375 1119 excludant-ur.
1425 1077 1539 1132 quod
1569 1076 1645 1118 ubi
1671 1079 1739 1118 est

173 1136 355 1191 factum,
388 1137 611 1178 interclusi
644 1137 809 1192 equites
851 1151 928 1178 nec
962 1151 1238 1192 perrumpere
1275 1137 1442 1192 eadem,
1483 1151 1568 1192 qua
1596 1139 1736 1178 trans-

171 1196 324 1250 ierant,
354 1211 494 1251 posse,
525 1196 585 1237 ibi
606 1197 792 1238 maxime
814 1195 1018 1238 confertis
1043 1196 1261 1251 hostibus,
1295 1211 1380 1252 qua
1398 1197 1512 1238 viam
1536 1196 1740 1250 fecerant,

125 1263 145 1293 3
173 1259 215 1298 et
256 1256 406 1297 consul
445 1255 724 1311 legionesque
765 1256 1005 1311 Romanae,
1047 1271 1160 1310 cum,
1202 1255 1315 1311 quod
1355 1258 1558 1312 tegumen
1609 1253 1737 1296 modo

174 1315 313 1356 omnis
347 1315 558 1357 exercitus
591 1315 750 1370 fuerat,
781 1330 995 1370 nusquam
1029 1315 1244 1370 viderent,
1281 1330 1334 1356 ne
1371 1316 1440 1357 tot
1476 1315 1738 1357 fortissimos

173 1374 290 1416 viros
331 1374 587 1416 interclusos
628 1375 893 1429 opprimeret
931 1374 1088 1429 hostis,
1120 1374 1305 1416 tendunt
1342 1375 1388 1416 in
1428 1386 1739 1429 quemcumque

224 1601 255 1632 3.
277 1597 467 1650 parmata]
496 1597 570 1631 Das
592 1597 700 1631 Wort
712 1602 921 1642 parmatus,

177 1645 247 1679 mit
283 1644 386 1679 einer
412 1655 545 1690 parma
579 1656 663 1679 vers
667 1644 777 1687 eheu,
804 1645 923 1680 findet

177 1691 286 1727 sich
276 1703 326 1726 im
348 1703 491 1737 ganzen
504 1691 637 1727 Latein
656 1703 726 1726 nur
744 1674 826 1727 hier
845 1692 922 1727 und

177 1740 270 1785 Kap.
296 1720 368 1783 39,U
378 1743 410 1774 1.
473 1739 542 1774 Die
575 1751 710 1785 parma
747 1751 823 1774 war
862 1740 923 1775 ein

176 1787 331 1830 kleiner,
352 1787 490 1822 runder
511 1787 651 1829 Schild,
679 1786 748 1822 wie
774 1787 839 1822 ihn
861 1787 921 1823 die

177 1835 306 1869 Reiter
340 1835 416 1869 und
453 1834 512 1869 die
548 1834 687 1870 leichte
719 1835 922 1870 Infanterie

178 1882 340 1916 ffihrten.

227 1930 364 1976 cohors]
411 1929 477 1964 der
520 1929 652 1964 zehnte
695 1929 776 1964 Teil
821 1929 924 1965 einer

178 1976 331 2022 Legion,
354 1977 452 2011 dann
469 1977 684 2022 uberhaupt
704 1977 786 2012 eine
808 1977 924 2012 Schar

180 2036 223 2058 zu
249 2024 338 2059 Fuss.

227 2072 362 2117 actum]
403 2072 445 2107 de
482 2082 535 2106 me
572 2075 691 2107 aetum
731 2076 798 2115 est,
835 2072 927 2106 fiber

180 2118 279 2153 mich
306 2118 356 2153 ist
384 2118 619 2162 verbandelt,
648 2119 682 2152 d.
699 2119 735 2153 h.
761 2118 832 2154 mit
856 2118 927 2153 mir

181 2165 259 2200 ist's
275 2177 349 2208 auS,
371 2177 433 2199 um
453 2165 554 2200 mich
573 2165 621 2200 ist
643 2177 680 2201 es
701 2166 925 2211 geschehen.

228 2213 372 2259 vexillo]
411 2209 642 2256 ‘F‘ahnlein',
677 2213 926 2248 Feldzeichen

182 2260 248 2295 der
274 2259 450 2295 Reiterei

223 2308 424 2355 peditibus]
442 2307 520 2342 scil.
533 2308 643 2343 vobis
669 2307 756 2342 Mau
769 2308 929 2343 beachte

183 2355 244 2391 die
269 2356 480 2412 Anaphora.

230 2407 262 2437 4.
306 2403 421 2449 vadit]
455 2399 653 2437 schreitet
693 2414 732 2437 er
769 2400 926 2446 einher',

182 2451 252 2485 mit
276 2451 505 2495 machtigem
534 2449 686 2485 Schritt.
738 2454 793 2493 22,
810 2454 865 2494 50,
882 2455 925 2485 10

176 2509 244 2543 per
283 2499 415 2534 medzos
451 2498 552 2533 vadit
595 2498 709 2533 hostes
750 2498 825 2532 und
871 2497 927 2532 oft

180 2544 243 2580 bei
267 2542 348 2581 Liv.

230 2605 266 2628 υτ
291 2595 387 2628 viam
407 2592 569 2647 faciunt]
596 2592 682 2637 Vgl.
702 2592 735 2625 V
739 2603 814 2638 erg.
835 2593 928 2627 Aen.

184 2644 217 2683 2,
231 2643 301 2674 494
316 2642 358 2684 fit
375 2651 437 2675 vta
456 2641 514 2683 vi;
538 2639 633 2684 Kap.
649 2644 705 2683 28,
721 2644 743 2674 4
763 2651 797 2674 u.
815 2644 870 2682 39,
888 2643 928 2681 23

185 2687 318 2722 andei-s
356 2692 385 2731 7,
408 2692 463 2731 33,
488 2691 507 2721 9
542 2688 698 2732 (aperire
739 2688 781 2722 τή
817 2688 931 2723 hostes

184 2746 280 2769 viam
302 2764 308 2769 .

234 2738 460 2828 5.)impetue]
488 2781 548 2815 ihr
572 2780 792 2826 Ungestiim.

228 2829 389 2875 possent]
443 2830 535 2863 statt
576 2830 793 2873 potuissent.
854 2828 929 2863 Das

187 2875 335 2919 lmperf.
383 2877 434 2910 ist
469 2874 667 2910 veranlasst
704 2876 821 2911 durch
858 2880 935 2911 erat

185 2922 261 2956 und
287 2922 515 2967 nahegelegt
545 2923 660 2957 durch
687 2923 759 2958 den
785 2922 930 2958 Gedan-

406 1433 564 1475 diversi
595 1433 744 1475 Volsci
785 1434 885 1475 hinc
926 1434 1145 1475 consulem
1188 1448 1237 1475 ac
1276 1433 1472 1488 legiones
1515 1433 1742 1486 sustinere,

994 1597 1083 1631 ken:
1124 1608 1204 1632 cum
1238 1601 1313 1632 tam
1343 1598 1461 1642 pauci
1496 1597 1606 1633 simul
1642 1597 1743 1633 obire

995 1645 1117 1728 Ξπὲτία
1139 1655 1215 1727 otton
1227 1649 1393 1725 Jssossent,
1421 1645 1654 1726 hosoehterya
1665 1655 1742 1727 αᾶοη

1021 1704 1037 1727 e
1065 1703 1180 1727 erun.
1271 1703 1418 1738 agegen
1448 1703 1518 1726 nac
1575 1702 1641 1727 neo
1698 1703 1740 1728 u-

997 1741 1096 1775 bium
1123 1743 1172 1774 est
1197 1740 1288 1784 quin
1314 1739 1404 1774 oder
1429 1739 1637 1784 Ersetzung
1661 1738 1740 1774 die-

997 1798 1055 1823 ser
1080 1786 1210 1822 Worte
1238 1787 1355 1821 durch
1381 1791 1414 1822 et
1438 1787 1564 1822 wiirde
1591 1787 1652 1821 die
1671 1786 1740 1821 Be-

997 1834 1167 1879 dingung
1185 1833 1339 1869 heissen:
1359 1835 1393 1869 si
1410 1839 1485 1869 tam
1499 1835 1616 1879 pauci
1633 1834 1744 1870 simul

996 1884 1095 1918 obire
1109 1883 1232 1917 omnia
1245 1883 1462 1938 potuissent.
1475 1881 1560 1927 Vgl.
1569 1885 1626 1925 24,
1638 1885 1697 1923 33,
1709 1885 1742 1917 7.

1044 1929 1103 1965 39.
1133 1930 1316 1976 Linlatz]
1339 1926 1628 1974 ansturmend',
1654 1939 1743 1964 vom

998 1976 1239 2023 Standpunkt
1289 1977 1353 2011 der
1396 1975 1744 2020 Volsker,wofi'1r

1000 2035 1087 2059 vom
1123 2024 1267 2069 Standp
1270 2024 1365 2058 uukt
1399 2024 1465 2058 der
1487 2023 1624 2058 Romer
1657 2023 1745 2059 elati

1000 2072 1132 2106 stehen
1163 2071 1315 2106 konnte.
1365 2070 1451 2116 Vgl.
1477 2071 1571 2116 Kap.
1593 2075 1649 2114 38,
1663 2074 1685 2105 4
1705 2081 1744 2107 eo

999 2130 1035 2154 se
1061 2119 1238 2162 inscium.

1047 2170 1079 2200 2.
1129 2166 1317 2212 nec...et]
1369 2165 1455 2210 Vgl.
1503 2165 1600 2211 Kap.
1631 2169 1686 2206 12,
1709 2169 1744 2201 4.

998 2212 1215 2258 Eigentlich
1241 2213 1352 2248 sollte
1376 2224 1441 2247 nec
1465 2224 1533 2247 vor
1557 2214 1746 2249 interclusi

999 2262 1132 2306 equites
1158 2261 1299 2303 stehen,
1327 2261 1376 2295 da
1400 2261 1453 2294 im
1478 2259 1636 2295 zweiten
1662 2260 1746 2295 Teil

1002 2309 1062 2343 ein
1087 2307 1243 2343 anderes
1270 2289 1429 2352 S'ubjekt
1453 2307 1609 2343 eintritt.

1050 2359 1082 2389 3.
1121 2356 1300 2407 teyumen]
1346 2356 1385 2389 in
1427 2354 1747 2400 uneigentlichem

1001 2403 1123 2445 Smne,
1135 2401 1407 2448 poetisierend3
1419 2402 1591 2447 dagegen
1607 2407 1637 2447 1,
1652 2407 1709 2447 20,
1723 2406 1744 2438 4

999 2450 1075 2484 und
1091 2455 1146 2493 36,
1163 2455 1217 2494 32,
1234 2455 1254 2485 6
1275 2449 1314 2484 111
1333 2449 1600 2494 eigentlichem
1620 2431 1745 2485 Sinrie.

998 2497 1177 2533 Daneben
1210 2479 1328 2532 findet
1362 2496 1443 2531 sich
1468 2500 1500 2539 5,
1522 2500 1579 2539 38,
1603 2501 1673 2533 811.
1688 2501 1745 2541 21,

998 2549 1054 2589 58,
1068 2549 1089 2581 8
1116 2545 1177 2580 die
1200 2545 1311 2579 Form
1333 2545 1564 2601 teyminibus.

1047 2574 1228 2628 ’tendwnt
1213 2605 1255 2627 m
1265 2603 1396 2637 queme.
1406 2588 1564 2637 casum]‘
1565 2592 1749 2645 strengen

1004 2639 1085 2674 sich
1111 2651 1159 2674 an
1185 2639 1252 2674 auf
1269 2639 1357 2684 jede
1378 2638 1517 2674 Gefahr
1535 2637 1747 2684 11ίηῖᾳαί-

1003 2698 1152 2732 cumque
1169 2687 1287 2721 findet
1306 2686 1387 2721 sich
1405 2685 1467 2720 bei
1479 2683 1606 2720 Livius
1625 2686 1747 2721 mehr·

1002 2733 1096 2768 mals
1123 2734 1219 2769 ohne
1243 2733 1427 2768 relativen
1447 2732 1539 2767 Sinn
1564 2734 1610 2780 (1,
1630 2737 1686 2778 39,
1707 2737 1748 2776 5;

1003 2783 1170 2828 3,4Ο,;7
1197 2783 1362 2826 9,9,;11
1388 2781 1582 2827 22‚‚;585
1599 2757 1749 2827 33:³45

1003 2833 1042 2870 2;
1070 2809 1210 2874 35,13,
1226 2829 1272 2873 9),
1292 2827 1354 2862 bei
1373 2804 1502 2862 Cicero
1527 2839 1598 2862 nur
1621 2827 1663 2862 in
1663 2805 1750 2862 der

1007 2855 1255 2920 V'erbindung
1274 2885 1498 2920 quacumque
1508 2875 1650 2910 ratione
1664 2874 1751 2919 (wie

1002 2922 1071 2956 Lix
1076 2951 1081 2957 .
1097 2926 1153 2965 36,
1169 2927 1200 2965 7,
1215 2925 1262 2967 3).
