1799 3105
108 93 135 112 a.
157 86 223 112 Chr.
243 93 270 110 n.
290 85 352 110 460.
372 84 434 110 459.
650 72 795 108 LIBER
818 72 880 109 ΠΙ.
927 71 1028 110 CAP.
1055 77 1112 110 22.
1626 73 1682 115 39

108 184 218 226 verti
251 184 453 225 sinerent.
516 182 714 224 consules
747 182 846 223 inde
887 181 1038 236 partiti
1070 181 1333 236 provincias:
1375 181 1512 223 Fabio
1544 184 1592 222 ut
1622 183 1679 223 le·
1708 193 1727 223 3

109 244 258 298 giones
295 242 479 283 Antium
517 241 691 283 duceret
735 241 901 294 datum,
946 239 1144 283 Cornelio
1183 243 1233 282 ut
1269 240 1433 282 Romae
1465 241 1679 295 praesidio

110 305 241 356 esset,
273 316 327 342 ne
360 316 444 355 qua
475 315 577 354 pars
604 300 808 354 hostium,
841 301 914 354 qui
939 300 1101 355 Aequis
1128 314 1222 341 mos
1249 303 1359 353 erat,
1393 300 1446 341 ad
1471 301 1680 354 populan-

113 361 213 402 dum
245 361 423 402 veniret.
484 359 662 401 Hernici
695 362 737 401 et
768 359 915 401 Latini
946 360 1053 401 iussi
1085 360 1246 401 milites
1281 359 1381 400 dare
1409 373 1461 400 ex
1486 358 1677 413 foedere,
1705 371 1727 400 4

113 420 306 475 duaeque
332 421 478 474 partes
506 419 720 461 sociorum
751 418 797 459 in
831 419 1030 473 exercitu,
1062 419 1193 460 tertia
1226 418 1382 460 civium
1414 418 1510 460 fuit.
1562 423 1680 473 post—

108 494 238 533 quam
266 479 319 520 acl
347 479 458 520 diem
477 479 785 533 praestitutum
810 480 1022 519 venerunt
1042 478 1164 532 socii,
1197 478 1346 520 consul
1367 480 1489 519 extra
1506 481 1679 532 portam

109 537 327 592 Capenam
355 541 496 579 castra
522 538 649 579 locat.
699 537 799 578 inde
826 537 1013 579 lustrato
1042 538 1230 579 exercitu
1250 537 1431 578 Antium
1457 537 1677 591 profectus

109 597 224 638 haud
265 598 416 652 procul
462 597 621 651 oppido
669 595 924 651 stativisque
968 595 1160 638 hostium
1200 597 1404 638 consedit.
1467 597 1541 638 ubi
1580 612 1677 639 cum
1705 609 1724 639 5

109 656 275 710 Volsci
308 656 410 722 quia
446 655 637 697 nondum
680 655 733 696 ab
772 654 934 709 Aequis
973 656 1164 697 venisset
1201 656 1435 709 exercitus,
1476 656 1679 698 dimicare

106 730 194 757 non
227 716 332 768 ausi,
360 729 486 770 quem
514 715 568 756 ad
594 714 766 756 modum
796 715 928 769 quieti
960 715 1074 756 vallo
1103 729 1146 756 30
1173 717 1437 769 111101001111,
1454 720 1680 782 pararent,

107 776 282 828 postero
316 749 383 816 1110
410 773 569 815 Fabius
602 789 689 815 non
721 774 981 828 permixtam
1007 789 1140 816 unam
1177 775 1391 816 sociorum
1427 775 1679 829 civiumque,

108 833 182 875 sed
206 834 339 875 trium
365 834 624 900 populorum
649 836 738 874 tres
766 833 1001 887 separatim
1029 834 1141 875 acies
1168 834 1280 876 circa
1304 834 1465 874 vallum
1486 833 1679 875 hostium

107 893 332 948 instruxit3
378 894 470 947 ipse
516 896 608 934 0101
649 892 813 934 medius
864 907 960 934 cum
1005 893 1250 948 legionibus
1297 892 1518 934 Romanis.
1580 893 1679 934 inde
1707 906 1726 936 6

110 952 284 1007 signum
317 952 547 994 observare
579 952 717 1006 iussit,
749 954 798 993 ut
828 952 992 1007 pariter
1024 956 1067 994 et
1099 952 1204 995 30011
1235 966 1326 993 10111
1352 953 1591 1007 inciperent
1616 967 1679 994 re-

107 1011 354 1066 ferrentque
391 1011 564 1066 pedem,
608 1012 644 1052 31
687 1012 880 1065 receptui
919 1012 1156 1054 cecinisset.
1220 1013 1385 1066 equites
1429 1012 1533 1053 item
1579 1027 1679 1054 suae

106 1071 257 1125 cuique
277 1071 394 1125 parti
419 1073 520 1125 post
545 1070 762 1125 principia
788 1071 982 1112 collocat.
1021 1072 1083 1113 ita
1102 1071 1318 1113 trifariam
1341 1071 1516 1112 adortus
1538 1074 1679 1113 castra
1707 1083 1725 1114 τ
1782 1096 1792 1098 <

109 1129 401 1184 circumvenit,
430 1132 472 1171 et
498 1145 593 1171 011111
619 1130 806 1184 undique
832 1131 1026 1185 instaret,
1051 1145 1140 1172 non
1174 1131 1436 1172 sustinentes
1469 1130 1679 1185 impetum

108 1187 292 1230 Volscos
324 1190 437 1230 vallo
472 1189 685 1231 deturbat.
729 1193 1028 1244 transgressus
1060 1190 1158 1231 inde
1186 1190 1448 1231 munitiones
1475 1190 1678 1244 pavidam

107 1248 280 1289 turbam
313 1248 649 1304 inclinatamque
681 1249 725 1289 in
756 1251 926 1302 partem
965 1264 1096 1290 unam
1134 1250 1286 1291 castris
1328 1249 1517 1303 expellit.
1580 1250 1678 1292 inde
1706 1261 1725 1292 8

107 1307 238 1349 effuse
271 1307 486 1362 fugientes
520 1322 661 1363 eques,
694 1308 762 1349 0111
796 1323 997 1362 3111101010
1023 1309 1185 1350 vallum
1219 1309 1335 1350 haud
1368 1308 1493 1350 facile
1525 1307 1678 1362 fuerat,

149 1439 180 1469 3.
208 1434 352 1480 datum]
388 1447 475 1471 vom
503 1436 635 1479 Senat,
661 1435 788 1470 indem
815 1447 853 1470 er

972 1437 1134 1481 receptui
1157 1436 1356 1482 cecinisset]
1381 1437 1516 1473 0110030
1537 1437 1598 1482 26,
1619 1441 1676 1481 44,

103 1482 174 1517 den
212 1481 381 1517 Konsuln
419 1483 479 1518 die
518 1483 723 1518 Provinzen
754 1484 853 1518 nach

926 1487 964 1526 4,
992 1501 1037 1512 =
1069 1485 1230 1528 receptui
1261 1495 1389 1519 canere
1419 1485 1583 1520 iussisset
1615 1485 1676 1528 29,

101 1530 220 1564 ihrem
257 1529 446 1565 Wunsche
488 1531 714 1566 bestimmte.
767 1531 850 1576 Vgl.

102 1577 194 1621 Καρ.
221 1581 253 1620 2,
276 1580 296 1611 2
322 1578 398 1612 und
424 1581 480 1620 25,
508 1582 539 1613 9.

149 1625 213 1669 qui
232 1653 239 1660 .
256 1653 263 1660 .
280 1653 286 1660 .
305 1635 380 1660 mos
399 1625 494 1671 erat]
510 1626 679 1660 fiblicher
692 1629 790 1661 ware
810 1630 852 1661 ut

110 1682 250 1708 ...mos
275 1676 354 1707 erat
380 1672 429 1716 (5,
457 1677 513 1715 39,
542 1677 578 1716 13
606 1673 667 1717 23,
694 1677 750 1716 24,
780 1676 849 1718 12).

148 1724 181 1754 4.
219 1720 330 1754 tertia
364 1720 515 1766 civium]
554 1720 624 1755 Die
657 1720 737 1755 drei
768 1732 851 1755 ver-

101 1766 291 1802 bfindeten
299 1766 454 1802 Staaten
465 1767 617 1802 stellten
632 1768 709 1802 also
724 1768 851 1812 gleich

102 1812 220 1858 grosse
257 1813 512 1858 Kontingente
557 1827 640 1848 zum
682 1814 851 1850 Bundes-

100 1862 224 1898 heere.
274 1861 350 1895 Das
378 1861 704 1897 Oberkommando
746 1864 852 1898 hatte

101 1909 166 1944 der
190 1908 375 1944 romische
401 1909 555 1944 Konsul.

148 1957 198 1991 ad
215 1957 309 1992 diem
322 1956 599 2002 praestitutum]
621 1957 768 1992 Ebenso
789 1957 850 2001 27,

102 2008 159 2049 16,
180 2007 224 2039 16
237 2007 434 2049 postquam
452 2005 502 2039 ad
521 2005 757 2039 constitutum
776 2015 852 2040 nori

100 2055 247 2087 venerat
271 2052 376 2087 diem.
423 2051 534 2087 Sonst
559 2051 611 2086 ist
634 2053 709 2087 dies
728 2052 766 2086 in
787 2053 852 2087 der

99 2098 322 2144 Bedeutung
347 2099 732 2134 ‘vorherbestimmter
751 2100 847 2145 Tag'

99 2146 271 2190 feminin,
324 2157 364 2181 so
408 2147 448 2181 in
491 2146 738 2191 Verbindung
782 2147 853 2182 mit

96 2195 337 2238 praestituere
362 2194 397 2238 6,
419 2198 452 2238 4,
474 2198 512 2236 53
540 2194 600 2237 10,
622 2198 678 2238 20,
701 2198 762 2238 16;
790 2194 850 2238 45,

102 2245 158 2284 11,
193 2245 254 2283 11;
294 2242 432 2276 ebenso
470 2242 635 2277 crastina
667 2242 726 2277 die
757 2242 850 2288 Kap.

101 2291 157 2331 20,
182 2292 205 2322 4
230 2300 266 2323 u.
292 2292 350 2333 46,
377 2292 409 2324 7.

148 2339 180 2369 5.
216 2335 412 2381 pararent]
457 2335 671 2371 ‘Austalten
714 2337 848 2381 trafen,

101 2382 237 2417 darauf
248 2382 440 2427 dachten’,
452 2383 523 2417 wie
538 2383 590 2418 sie
609 2413 616 2419 .
631 2411 656 2418 ..
671 2384 849 2419 konnten.

150 2433 183 2464 6.
209 2430 413 2476 observare]
441 2429 522 2464 Den
547 2431 616 2466 Ins.
643 2431 725 2466 Act.
754 2431 850 2466 ohne

102 2476 474 2521 Subjektsaccusativ
506 2476 601 2520 (hier
625 2479 752 2523 socios)
785 2479 850 2513 hat

100 2524 231 2559 Livius
257 2524 318 2559 bei
343 2525 448 2559 iubeo
473 2524 580 2558 nicht
605 2525 734 2559 selten.

142 2571 303 2618 pariter]
340 2569 646 2617 ‘gleichm'assig'3
678 2572 757 2607 hier
777 2583 849 2607 von

102 2619 168 2654 der
192 2619 288 2662 Zeit,
318 2619 602 2664 ι’,111101011201118’.

142 2666 286 2713 pedem]
314 2667 401 2701 Man
420 2666 548 2701 merke
569 2665 648 2701 sich
672 2666 732 2700 die
758 2667 851 2701 11011-

100 2714 198 2758 figen
217 2715 488 2749 Redensarten:
505 2714 632 2757 pedem
654 2714 756 2757 (oder
768 2725 851 2759 yra-

101 2762 202 2806 dum)
222 2762 356 2804 referre
381 2761 718 2796 ‘zurfickweichen’
743 2761 851 2806 (Kap.

103 2811 158 2851 60,
179 2813 220 2843 11
241 2821 278 2843 11.
294 2813 348 2852 70,
364 2812 411 2853 8),
422 2810 547 2853 pedem
564 2809 667 2853 <oder
680 2809 850 2853 yradum)

101 2856 237 2898 inferre
264 2856 498 2901 ‘angreifen⁷.

927 1535 958 1575 7,
987 1536 1019 1566 6.

972 1590 1060 1614 suae
1073 1579 1201 1623 cuique
1214 1579 1336 1624 parti]
1359 1589 1434 1614 von
1451 1579 1522 1614 den
1538 1578 1674 1614 dreien.

924 1626 1011 1660 Man
1044 1627 1218 1661 erwartet
1248 1637 1333 1661 suos
1372 1626 1462 1661 oder
1493 1637 1673 1672 quemque.

924 1674 1030 1708 Doch
1054 1674 1179 1708 finden
1200 1673 1279 1708 sich
1302 1673 1405 1717 Gen,
1424 1673 1511 1709 Dat.
1533 1687 1568 1709 11.
1589 1675 1673 1710 Abl.

923 1720 1459 1766 vonsuusquisqueeinigemal
1470 1722 1677 1775 gebraucht

926 1769 1019 1803 statt
1045 1769 1109 1803 der
1135 1768 1254 1802 Kasus
1281 1779 1354 1804 von
1385 1779 1482 1803 uuus
1515 1770 1676 1824 quisque,

926 1827 966 1850 so
993 1815 1226 1850 namentlich
1250 1816 1310 1850 sui
1335 1816 1509 1860 cuiusque
1535 1818 1677 1862 generis

925 1861 1014 1903 (Cic.
1042 1863 1156 1897 Acad.
1184 1863 1219 1905 2,
1248 1867 1279 1905 7,
1308 1866 1370 1905 193
1397 1862 1475 1898 Liv.
1502 1863 1561 1907 24,
1583 1868 1616 1907 3,
1638 1869 1675 1908 5;

926 1910 1065 1946 Colum
1094 1910 1154 1954 12,
1182 1892 1239 1954 52,
1264 1913 1310 1954 5).
1354 1909 1436 1955 Vgl.
1463 1911 1566 1946 Caes
1589 1892 1623 1948 b'.
1646 1923 1674 1947 e.

925 1958 958 2000 1,
981 1961 1038 2001 83,
1057 1962 1077 1992 2
1099 1969 1186 1993 suae
1206 1939 1379 2003 cuiusque
1399 1959 1571 2004 leyioriis;
1596 1959 1676 1996 Liv.

926 2005 986 2048 25,
1010 2009 1064 2048 17,
1087 2009 1107 2039 5
1134 2016 1221 2040 suae
1240 2006 1370 2050 cuique
1387 2007 1511 2050 yeuti,·
1535 2005 1596 2050 33,
1618 2010 1675 2051 46,

926 2057 946 2087 9
972 2054 1147 2097 pecunia,
1173 2064 1266 2097 quae
1293 2054 1335 2088 in
1360 2054 1583 2098 stipendium
1602 2054 1677 2089 Ro-

924 2101 1045 2135 manis
1069 2111 1135 2136 suo
1161 2111 1299 2145 quoque
1321 2111 1420 2136 auno
1444 2102 1675 2146 penderetur,

925 2148 1065 2190 deerat5
1091 2147 1150 2191 45,
1172 2152 1230 2191 29,
1253 2152 1297 2183 10
1322 2159 1411 2183 suae
1431 2149 1603 2194 cuiusque
1621 2161 1675 2185 re-

924 2196 1064 2240 qionis,·
1091 2195 1191 2231 Curt.
1219 2195 1254 2239 4,
1281 2199 1335 2240 12,
1359 2200 1389 2232 7.

970 2258 1055 2298 post
1074 2255 1285 2301 principia]
1311 2254 1438 2290 hinter
1460 2255 1531 2289 den
1552 2256 1674 2290 ersten

925 2300 1121 2346 Gliedern,
1149 2302 1233 2337 dem
1260 2302 1548 2337 Vordertreffen.

974 2365 1004 2396 7.
1031 2362 1238 2408 trifariam]
1256 2379 1298 2390 =
1313 2362 1496 2405 tripertito
1517 2361 1591 2406 (21,
1609 2366 1676 2406 7‚‚4

924 2409 1047 2444 urbem
1066 2410 1251 2454 tripertito
1269 2409 1515 2454 adyreditur);
1539 2409 1676 2445 ebenso

923 2456 1099 2498 bifariam
1127 2456 1235 2501 (Kap.
1258 2460 1314 2499 23,
1342 2460 1361 2491 7
1383 2469 1418 2490 u.
1434 2460 1490 2499 63,
1513 2459 1559 2500 5),
1585 2468 1676 2501 qua-

923 2504 1124 2546 drifariam
1160 2503 1209 2547 (4,
1237 2506 1301 2546 22,
1328 2506 1348 2537 5
1376 2515 1406 2547 q.
1434 2504 1552 2538 diviso
1577 2514 1677 2538 ewer-

923 2551 1025 2594 citu),
1058 2551 1306 2593 multifariam
1335 2549 1443 2595 (Kap.
1473 2555 1511 2594 5,
1547 2556 1563 2584 1
1598 2551 1676 2585 und

925 2600 981 2640 50,
1015 2600 1061 2640 3).

973 2659 1004 2690 8.
1031 2656 1173 2702 fuerat]
1198 2656 1464 2701 hypothetisch
1488 2655 1675 2692 aufzufas—

926 2713 1009 2745 sen,
1037 2703 1086 2738 da
1112 2703 1171 2738 die
1197 2703 1362 2738 Reiterei
1386 2703 1444 2738 bis
1471 2703 1585 2739 dahin
1608 2716 1675 2739 un-

924 2750 1050 2795 1110118
1075 2761 1162 2785 war.

974 2809 1023 2844 ad
1047 2809 1104 2854 id]
1124 2810 1322 2854 temporal,
1343 2827 1387 2839 =
1409 2810 1458 2844 ad
1476 2811 1516 2845 id
1535 2814 1675 2856 tempus

927 2857 974 2900 (9,
1004 2860 1058 2901 15,
1089 2863 1124 2900 1;
1152 2856 1211 2901 21,
1239 2860 1296 2901 52,
1323 2859 1370 2902 6).
