1799 3105
38 194 76 223 11

36 539 85 574 45

62 722 80 752 N.)

633 72 777 109 LIBER
803 73 846 109 11.
873 72 975 108 CAP.
1004 77 1060 108 44.
1088 76 1143 108 45.

109 73 192 115 102
1507 90 1532 108 a.
1553 90 1580 108 u.
1601 83 1665 109 274.

107 186 145 223 in
178 191 305 223 castra
339 197 494 236 quoque
527 184 746 222 Romanum
779 182 942 222 militem
976 184 1099 234 sequi.
1162 184 1340 233 proximo
1372 182 1474 222 bello
1508 183 1548 221 in
1580 183 1663 234 ipsa

105 245 199 293 acie,
233 246 271 282 in
305 245 390 294 ipso
423 243 635 281 certamine
669 254 865 280 consensu
897 243 1095 280 exercitus
1122 242 1304 280 traditam
1330 242 1434 281 ultro
1460 242 1664 281 victoriam

107 304 220 341 vietis
252 303 409 353 ¹&equis
442 303 551 351 signa
585 301 752 352 deserta,
785 302 1064 351 imperatorem
1097 302 1135 338 in
1169 302 1250 339 acie
1284 300 1477 353 relietum,
1509 301 1664 339 iniussu

108 363 145 400 in
180 367 304 399 castra
340 361 521 399 reditum.
583 360 777 411 profecto,
817 361 849 397 si
882 361 1068 410 instetur,
1111 371 1182 398 suo
1216 359 1337 398 milite
1370 360 1473 398 vinci
1503 359 1666 398 Romam

62 436 70 442 ·
109 432 234 470 posse.
274 420 370 458 nihil
403 419 506 457 aliud
540 431 639 470 opus
672 431 757 457 esse
791 430 908 469 quam
933 418 1055 457 indici
1081 419 1313 470 ostendique
1340 418 1503 470 bellum3
1535 423 1665 457 cetera

108 491 176 517 sua
216 485 354 529 sponte
394 478 470 517 fata
509 483 547 516 et
585 478 679 516 deos
717 483 911 528 gesturos.
974 477 1045 515 hae
1079 489 1168 528 spes
1201 477 1390 516 Etruscos
1422 481 1668 515 armaverant

108 537 242 576 inultis
279 539 318 575 in
358 538 483 575 vicem
515 536 672 576 casibus
704 538 828 575 victos
860 538 1118 587 victoresque.
1182 536 1370 575 Consules
1403 548 1561 587 quoque
1593 535 1667 574 Ro-

107 598 211 634 mani
250 596 346 634 nihil
384 602 587 647 praeterea
626 595 730 634 aliud
769 608 886 646 quam
919 608 1008 634 suas
1041 597 1162 647 vires,
1202 608 1271 634 sua
1304 607 1409 634 arma
1441 594 1666 633 horrebant.

108 657 293 693 memoria
328 656 489 706 pessimi
522 656 700 705 proximo
734 654 835 693 hello
869 654 1036 705 exempli
1068 654 1260 706 terrebat,
1293 667 1341 693 ne
1375 667 1457 693 rem
1490 654 1666 693 commit-

109 719 236 752 terent
271 726 327 765 eo,
361 713 429 753 ubi
461 714 560 753 duae
594 713 710 753 simul
742 715 846 752 acies
878 713 1073 752 timendae
1106 719 1248 752 essent.
1293 715 1425 765 itaque
1458 714 1598 752 castris
1625 724 1667 751 se

109 773 306 823 tenebant,
328 778 405 811 tam
426 774 588 823 ancipiti
608 772 784 823 periculo
805 773 949 811 aversi:
974 773 1078 811 diem
1098 778 1332 824 tempusque
1354 773 1517 811 forsitan
1538 773 1668 823 ipsum

108 830 323 871 leniturum
346 833 423 870 iras
445 833 731 883 sanitatemque
759 833 899 870 animis
920 831 1152 870 adlaturum.
1185 831 1326 870 Veiens
1347 831 1471 870 hostis
1492 830 1666 870 Etrusci-

109 903 184 941 que
217 903 262 929 eo
295 892 418 941 magis
451 903 714 941 praepropere
753 903 886 943 agere3
931 890 1123 928 lacessere
1157 890 1203 929 ad
1235 902 1407 941 pugnam
1440 891 1568 941 primo
1601 888 1667 928 oh-

109 950 321 1000 equitando
354 951 494 988 castris
526 949 865 1000 provocatumque,
898 955 1110 1000 postremo,
1143 954 1185 987 ut
1218 949 1316 987 nihil
1341 948 1560 1000 movebant,
1592 960 1668 1000 qua

112 1008 294 1047 consules
316 1010 433 1059 ipsos,
455 1021 529 1059 qua
551 1010 768 1047 exereitum
785 1008 1042 1059 increpando:
1064 1008 1354 1046 simulationem
1369 1009 1577 1046 intestinae
1592 1007 1668 1046 dis-

110 1067 266 1106 cordiae
295 1068 513 1106 remedium
539 1069 693 1106 timoris
720 1069 934 1118 inventum,
962 1072 999 1106 et
1026 1067 1209 1106 eonsules
1229 1068 1351 1117 magis
1372 1078 1450 1105 non
1471 1066 1668 1105 confidere

110 1138 226 1177 quam
252 1139 330 1164 non
358 1127 520 1165 eredere
548 1128 630 1166 suis
657 1126 865 1179 militibus3
898 1139 1042 1165 novum
1070 1126 1274 1165 seditionis
1301 1137 1436 1177 genus,
1469 1125 1668 1165 silentium

160 1244 212 1275 11.
242 1244 296 1275 12.
323 1240 476 1285 Aequis,
502 1240 764 1285 widersprieht
789 1240 854 1276 der

926 1245 983 1284 42,
1011 1244 1066 1283 50,
1094 1245 1124 1277 3.
1165 1242 1235 1285 (22,
1263 1245 1317 1285 39,
1346 1244 1388 1275 12
1415 1244 1554 1285 tempus
1578 1241 1668 1275 dies-

111 1287 265 1331 Angabe
293 1298 322 1323 e.
345 1291 401 1330 43,
424 1292 442 1322 5
464 1287 586 1322 Fabio
606 1288 646 1322 in
676 1288 853 1330 Veientes,-

926 1299 1003 1332 que.
1053 1292 1116 1332 22,
1144 1292 1207 1331 27,
1240 1292 1259 1323 9
1294 1292 1453 1342 tempora
1484 1291 1550 1323 aut
1580 1288 1669 1333 dies)

110 1344 148 1368 es
181 1333 231 1368 ist
257 1334 356 1369 wohl
381 1334 441 1369 ein
466 1334 627 1369 Irrthum
654 1335 716 1369 des
741 1335 780 1369 L.
809 1355 853 1360 —

109 1381 142 1415 si
172 1381 344 1424 instetur,
384 1381 506 1416 ‘wenn
537 1392 624 1416 man
657 1383 762 1426 (ihm)
795 1394 852 1416 zu-

111 1428 239 1471 setze',
266 1428 325 1464 die
345 1429 487 1473 einzige
509 1428 633 1472 Stelle,
659 1441 713 1464 wo
733 1429 794 1464 bei
813 1430 853 1464 L.

110 1474 162 1509 im
181 1475 309 1510 Passiv
329 1475 410 1510 eine
427 1476 535 1511 Form
557 1476 620 1511 des
636 1476 745 1511 Verb.
761 1476 852 1511 finit.

109 1533 183 1556 von
210 1523 345 1557 instare
370 1523 592 1558 vorkommt.
611 1544 658 1549 —
682 1534 747 1558 suo
767 1525 853 1566 mil,

109 1568 176 1604 der
212 1569 295 1605 Abl.
334 1571 437 1605 instr.
476 1582 548 1605 von
585 1570 769 1606 Personen
806 1571 855 1606 ist

112 1617 352 1657 (namentlich
384 1617 420 1651 in
458 1617 729 1653 militarischen
760 1619 852 1653 Aus-

111 1663 274 1698 driieken
308 1664 382 1698 und
408 1664 445 1698 in
472 1665 671 1700 'aihnliehen
696 1665 851 1700 Verbin-

111 1710 273 1755 dungen)
293 1711 353 1746 bei
368 1711 406 1747 L.
423 1711 590 1747 ziemlieh
607 1712 743 1757 hiiufig,
765 1725 795 1749 z,
810 1713 851 1748 B.

111 1759 221 1792 aciem
254 1758 437 1802 Hispanis
471 1760 594 1802 firmat
625 1763 687 1803 23,
720 1764 782 1804 29,
817 1764 850 1794 4.

112 1805 289 1840 militibus
314 1807 446 1841 turrim
471 1808 565 1851 cepit
589 1811 652 1850 31,
686 1811 748 1850 23,
774 1811 795 1842 4
822 1819 855 1843 11.

111 1852 211 1886 611111.
241 1873 284 1877 -
310 1854 351 1887 in
376 1854 497 1896 vicem,
524 1854 732 1898 attributiv,
758 1855 800 1889 in
824 1866 855 1889 v.

112 1909 182 1934 cas.
212 1899 519 1945 ‘Wechselfalle’,
552 1913 578 1936 s.
606 1914 651 1936 zu
677 1913 706 1937 e.
736 1906 797 1945 12,
824 1905 856 1936 5.

113 1966 156 1970 —
172 1957 251 1990 spes
265 1951 506 1991 armaverant,
521 1948 581 1983 bei
593 1948 731 1984 diesem
746 1949 855 1984 Verb.

112 1993 227 2028 hatL.
243 1994 347 2028 nicht
361 1995 479 2030 selten
493 1995 856 2039 Personificationen,

114 2051 140 2073 ε.
167 2051 196 2075 c.
224 2045 285 2083 35,
314 2046 330 2075 1
358 2042 418 2077 ira
444 2044 611 2077 armavit.
657 2047 695 2087 9,
723 2048 783 2087 19,
814 2048 854 2078 13

113 2088 219 2121 timor
246 2116 252 2122 .
282 2115 288 2121 .
316 2093 483 2123 armaret.
513 2094 547 2132 4,
574 2094 606 2133 6,
633 2094 652 2124 7
679 2091 855 2125 sententia

113 2134 290 2169 armabat.
343 2139 380 2177 9,
413 2140 475 2180 35,
509 2141 530 2170 4
555 2138 653 2171 locus
677 2138 855 2171 armabat.

113 2180 197 2225 Vgl.
233 2181 319 2216 Sall.
354 2182 432 2217 Cat.
470 2187 530 2225 56,
563 2188 583 2217 3
617 2187 657 2218 ut
688 2195 856 2228 quemque

114 2238 218 2262 casus
235 2233 450 2263 armaverat.
490 2230 522 2262 V
526 2242 599 2275 erg.
617 2234 648 2274 1,
665 2235 731 2265 150
749 2232 856 2273 furor

114 2286 217 2309 arma
242 2276 438 2311 ministrat.

162 2321 224 2357 45.
256 2327 283 2357 1.
312 2325 567 2358 committerent
592 2335 648 2366 eo,
679 2336 717 2359 es
743 2324 855 2358 dahin

114 2368 301 2412 kommen,
327 2370 461 2405 darauf
481 2371 702 2406 ankommen
723 2371 855 2414 lassen,

114 2415 187 2460 vgl.
216 2420 247 2459 4,
269 2421 325 2461 27,
353 2422 372 2452 6
399 2429 471 2452 rem
498 2419 538 2453 in
559 2429 678 2453 casum
700 2419 855 2453 commit-

115 2466 208 2497 tunt.
265 2468 302 2507 3,
336 2468 376 2506 2,
411 2469 452 2499 12
486 2476 513 2500 e.
546 2477 618 2499 rem
656 2467 696 2500 iri
735 2466 856 2500 aciem.

114 2514 178 2553 40,
216 2514 279 2553 21,
318 2516 338 2545 6
377 2512 530 2557 aliquem
568 2513 781 2547 committere
817 2514 858 2546 iri

112 2557 239 2591 aleam.
273 2561 305 2600 8,
332 2562 388 2602 32,
416 2563 437 2594 4
463 2570 571 2603 remp.
599 2561 639 2593 in
664 2560 859 2594 discrimen

113 2605 335 2640 committere
374 2610 572 2649 23,11,1O
592 2617 626 2641 se
646 2607 858 2641 committere

113 2650 153 2683 in
180 2652 301 2687 aciem.

164 2701 194 2730 2.
234 2702 266 2732 3.
311 2700 430 2743 ancip.
453 2701 584 2743 peric„
616 2700 763 2735 enthfflt
787 2700 858 2734 den

115 2742 240 2778 Grund
266 2757 309 2778 zu
335 2747 453 2781 izv-ersi
483 2747 559 2782 ‘bei
584 2746 684 2781 einer
712 2775 718 2781 .
748 2747 784 2781 .’.

114 2792 243 2832 mersi,
270 2803 341 2826 von
364 2793 464 2828 einer
484 2793 662 2828 Schlaeht.
681 2793 740 2837 ab,
766 2807 793 2828 s.
814 2805 857 2828 zu

116 2840 157 2880 1,
187 2841 245 2879 12,
280 2842 332 2873 10.
361 2860 403 2864 —
430 2840 506 2874 dzes
536 2844 757 2884 tempusque,
788 2840 857 2874 wie

927 1335 1007 1370 Zeita
1031 1336 1106 1371 und
1127 1335 1342 1370 Umst‘ande.
1348 1334 1445 1370 dies
1465 1352 1509 1364 =
1530 1335 1671 1380 lonqin-

926 1383 1048 1427 quitos
1067 1383 1236 1427 temporis
1254 1382 1293 1417 in
1310 1383 1425 1417 Prosa
1436 1382 1512 1417 und
1527 1381 1669 1426 Poesie,

926 1441 955 1464 Ζ.
983 1430 1023 1464 Β.
1050 1430 1160 1474 lerg.
1188 1434 1249 1474 11,
1276 1433 1343 1464 425
1369 1431 1483 1464 multa
1509 1430 1584 1464 dies
1607 1441 1670 1464 va-

925 1477 1044 1522 riique
1069 1478 1172 1512 labor
1195 1477 1382 1512 mutabilis
1408 1477 1487 1512 aevi
1511 1476 1670 1512 Rettulit

927 1524 967 1558 in
1004 1524 1139 1559 melius.
1192 1523 1265 1560 Cie.
1298 1523 1405 1559 Tuse.
1439 1528 1477 1568 3,
1513 1527 1576 1568 30,
1615 1527 1669 1559 74.

928 1592 970 1596 —-
998 1571 1119 1606 Ueber
1143 1572 1302 1614 forsitan
1325 1570 1376 1605 im
1402 1570 1671 1607 Infinitivsatze

927 1631 952 1653 s.
979 1630 1023 1653 zu
1054 1619 1170 1663 praef.
1199 1622 1253 1653 12.
1282 1639 1324 1643 -
1352 1619 1519 1654 lacessere
1549 1619 1599 1654 ad
1621 1630 1671 1664 p„

925 1666 1000 1710 vgl.
1028 1670 1090 1710 21,
1122 1670 1185 1708 41,
1219 1670 1238 1700 5
1272 1666 1438 1701 lacessere
1468 1669 1500 1700 et
1531 1666 1672 1701 trahere

925 1714 975 1747 ad
987 1713 1246 1748 decernendum
1256 1726 1269 1755 ,·
1289 1713 1523 1758 gewohnlieh
1534 1713 1671 1757 proelio

925 1761 1069 1802 (armis,
1095 1761 1200 1804 bello)
1224 1761 1411 1802 lacessere;
1443 1760 1539 1795 auch
1566 1761 1671 1795 laces-

929 1818 1003 1842 sere
1029 1819 1195 1852 puqnam
1221 1811 1286 1851 33,
1314 1811 1350 1850 7,
1379 1811 1409 1842 6.
1460 1811 1523 1851 37,
1552 1811 1611 1850 16,
1638 1811 1670 1844 9.

929 1858 1107 1890 certamen
1133 1859 1188 1897 44,
1214 1858 1249 1897 4,
1274 1859 1306 1889 2.
1334 1875 1377 1879 -
1403 1857 1444 1888 ut
1469 1865 1579 1897 mov.,
1606 1855 1670 1889 das

929 1902 1075 1947 Imperf.
1093 1902 1186 1936 nach
1206 1906 1246 1936 ut
1266 1901 1349 1946 (w-ie
1369 1901 1464 1936 nach
1480 1905 1672 1946 postquam

930 1960 956 1983 s.
977 1961 1018 1983 zu
1040 1960 1068 1983 e.
1093 1953 1124 1993 7,
1145 1951 1180 1992 3)
1205 1961 1267 1983 zur
1288 1949 1547 1993 Bezeichnung
1572 1949 1671 1983 eines

929 1996 1132 2031 Zustandes
1157 2000 1218 2039 24,
1247 2000 1307 2039 13,
1336 2000 1354 2030 7
1382 1996 1525 2040 deinde,
1550 1999 1592 2029 ut
1615 1996 1671 2030 rii-

928 2044 981 2077 hil
999 2043 1235 2087 procedebat;
1261 2047 1322 2085 24,
1351 2046 1411 2084 32,
1440 2047 1459 2076 5
1479 2045 1671 2086 postremo,

929 2093 969 2124 ut
995 2090 1117 2124 omnia
1141 2101 1237 2124 vana
1263 2092 1376 2123 erant.
1413 2092 1444 2131 3,
1472 2092 1529 2131 20,
1555 2093 1586 2124 6.
1616 2092 1670 2130 10,

929 2141 985 2179 22,
1012 2142 1043 2170 2.
1071 2140 1126 2179 22,
1156 2141 1210 2178 14,
1239 2140 1255 2170 1
1284 2147 1316 2170 u.
1339 2139 1370 2170 ὃ.
1398 2135 1583 2170 Zuweilen
1603 2135 1673 2171 mit

928 2183 1023 2218 Perf.
1053 2183 1277 2225 wechselnd,
1313 2195 1342 2218 Z.
1368 2182 1407 2216 Β.
1441 2185 1503 2225 22,
1536 2187 1599 2228 44,
1634 2187 1666 2225 13

928 2234 985 2271 24,
1015 2236 1044 2272 1,
1071 2235 1091 2265 6
1118 2233 1159 2264 ut
1185 2258 1191 2265 .
1221 2258 1228 2264 .
1255 2233 1398 2264 ventum
1423 2233 1473 2264 est
1498 2233 1530 2264 et
1551 2258 1558 2265 .
1581 2256 1587 2263 .
1607 2229 1670 2264 ha-

928 2278 1067 2312 bebant.
1090 2298 1131 2302 —
1153 2288 1224 2321 qua
1241 2304 1248 2310 .
1264 2305 1270 2311 .
1286 2288 1371 2321 qua,
1396 2288 1422 2311 s.
1449 2288 1491 2311 zu
1512 2287 1542 2311 c.
1562 2280 1618 2320 35,
1637 2280 1671 2311 4.

976 2329 1008 2359 4.
1036 2325 1161 2358 remed.
1177 2325 1327 2366 timoris,
1343 2323 1401 2358 ein
1415 2323 1538 2358 Mitiel
1551 2334 1671 2368 gegen

929 2371 990 2406 die
1021 2371 1175 2411 Fureht,
1208 2371 1241 2405 d.
1268 2371 1302 2405 h.
1336 2370 1396 2406 ein
1430 2370 1570 2413 Mittel,
1602 2370 1672 2405 wie

929 2430 1017 2452 man
1060 2418 1118 2452 die
1157 2417 1328 2462 Feigheit
1370 2417 1568 2461 verdeeke,
1612 2416 1672 2451 ein

929 2465 1053 2500 Mittel
1065 2475 1185 2510 gegen
1193 2465 1263 2499 den
1270 2464 1445 2499 Vorwurf
1449 2463 1514 2498 der
1521 2463 1669 2499 Fureht.

930 2513 1072 2547 Anders
1101 2516 1134 2554 3,
1161 2515 1193 2555 3,
1220 2515 1240 2546 5
1267 2512 1306 2546 id
1331 2511 1524 2546 remediurri
1550 2510 1672 2545 timori

929 2559 1015 2602 fuit.
1036 2579 1079 2584 —-
1099 2569 1173 2593 nou
1193 2558 1300 2600 conf„
1328 2558 1455 2592 hatten
1474 2556 1558 2591 kein
1580 2556 1671 2591 Ver-

930 2607 1063 2641 trauen
1083 2605 1164 2649 (auf
1176 2605 1280 2640 ihren
1299 2604 1431 2647 Muth).
1448 2623 1491 2629 -
1505 2613 1580 2638 ‘nou
1598 2613 1671 2638 cre-

930 2654 1021 2694 dere,
1047 2653 1286 2686 missii-auten
1313 2652 1425 2694 (ihrer
1445 2649 1671 2695 Gesinnung,

930 2699 1029 2734 ihrer
1048 2699 1196 2742 Treue);
1220 2699 1280 2732 die
1300 2697 1460 2732 Consuln
1480 2695 1671 2732 minstrau-

929 2748 993 2781 ten
1031 2746 1137 2780 mehr
1173 2745 1238 2780 der
1269 2743 1484 2788 Tapferkeit
1519 2743 1574 2778 als
1606 2743 1672 2779 der

930 2793 1048 2828 Treue
1073 2793 1138 2827 der
1163 2791 1350 2826 Soldaten.
1376 2811 1418 2816 —
1445 2800 1577 2825 novum
1599 2791 1671 2826 sed.

929 2851 1023 2884 qen„
1061 2838 1240 2873 ironiseh:
1278 2838 1344 2872 das
1380 2837 1433 2872 sei
1470 2837 1672 2882 allerdings
