1799 3105
113 503 155 533 10

114 857 152 885 11

114 1091 156 1121 12

112 1319 168 1359 34

138 1386 156 1415 ’,ἱ

139 1680 157 1709 3

138 1797 157 1827 4

179 154 236 195 (30
692 150 833 184 LIBER
859 149 919 184 1V.
964 148 1066 184 CAP.
1093 154 1149 185 33.
1175 154 1231 185 34.
1489 162 1745 190 a.u.e.328.329.

181 263 266 315 rat,
299 260 462 315 species
495 258 603 299 nihil
636 258 792 299 terruit
824 272 966 313 equos.
1017 257 1164 299 ruinae
1190 257 1326 313 igitur
1345 257 1531 300 similem
1551 260 1744 313 stragem

181 333 331 374 eques,
379 331 646 373 quacumque
687 320 955 372 pervaserat,
999 315 1128 358 dedit.
1199 317 1360 358 clamor
1401 316 1548 359 deinde
1590 316 1745 358 accidit

182 392 335 432 novusg
369 378 442 431 qui
475 391 569 417 cum
602 379 827 430 utramque
860 375 1160 417 mirabundam
1199 375 1244 416 in
1265 389 1328 421 *se
1367 375 1500 417 aciem
1531 375 1751 430 vertisset,

183 436 366 478 dictator
394 435 607 477 exclamat
633 434 878 483 Quinctium
920 435 1115 489 legatum
1148 436 1191 476 et
1218 449 1318 476 suos
1347 434 1398 476 ab
1424 437 1549 488 tergo
1576 435 1746 476 hostem

185 495 375 548 adortos3
407 495 498 549 ipse
531 494 827 549 redintegrato
862 493 1047 535 clamore
1088 493 1217 535 infert
1261 493 1400 535 acrius
1445 493 1584 548 signa.
1646 507 1742 535 cum

182 554 287 595 (luae
321 553 454 607 acies,
487 552 569 594 duo
612 553 780 594 diversa
819 552 984 608 proelia
1024 552 1336 594 circumventos
1381 551 1590 594 Etruscos
1635 554 1678 594 et
1722 565 1748 593 a

183 614 320 654 fronte
353 615 397 654 et
429 612 482 653 ab
515 614 638 667 tergo
672 615 920 667 urguerent,
951 625 1087 666 neque
1119 611 1164 652 in
1197 613 1338 653 castra
1369 614 1485 653 retro
1525 624 1662 666 neque
1703 610 1749 651 in

182 673 369 726 montes,
401 670 513 712 unde
546 685 591 712 se
629 685 766 712 novus
805 670 944 712 hostis
985 670 1222 726 obiecerat,
1251 670 1334 712 iter
1371 669 1499 724 fugae
1539 671 1670 725 esset,
1702 671 1746 711 et

182 730 370 785 equitem
397 729 559 784 passim
592 729 739 771 liberis
772 729 903 771 frenis
937 729 1206 770 distulissent
1238 729 1354 784 equi,
1380 728 1627 771 Veientium
1661 742 1746 769 ma-

182 791 298 830 xima
329 803 428 844 pars
455 788 644 830 Tiberim
681 788 803 830 effusi
836 791 1006 843 petunt,
1027 787 1297 830 Fidenatium
1332 788 1405 843 qui
1437 789 1669 842 supersunt
1695 786 1749 828 ad

186 848 332 890 urbem
364 847 549 889 Fidenas
582 847 775 889 tendunt.
839 847 970 888 infert
1001 846 1180 902 pavidos
1211 847 1318 902 fuga
1349 847 1393 888 in
1430 846 1614 888 mediam
1654 859 1747 888 cae-

182 907 296 960 dem·
330 907 641 949 obtruncantur
672 907 715 948 in
748 906 871 961 ripis3
903 906 1012 948 alios
1046 906 1091 947 in
1123 921 1277 961 aquam
1313 905 1558 960 compulsos
1598 904 1744 960 gurgi-

183 971 247 1008 tes
280 966 441 1020 ferunt3
474 966 604 1007 etiam
636 966 797 1021 peritos
829 965 960 1006 nandi
991 965 1202 1006 lassitudo
1236 968 1279 1007 et
1311 965 1487 1006 vulnera
1530 966 1573 1006 et
1615 977 1754 1018 pavor

183 1026 438 1091 (legr-yant·
470 1026 594 1079 pauci
629 1040 678 1067 ex
713 1024 862 1065 multis
895 1026 1082 1066 tranant.
1125 1025 1310 1066 alterum
1345 1037 1498 1079 agmen
1517 1023 1654 1064 fertur
1675 1036 1753 1078 per

185 1086 324 1125 castra
355 1084 399 1125 in
433 1084 598 1125 urbem
647 1084 794 1125 eodem
827 1086 870 1124 et
897 1082 1115 1124 Romanos
1149 1083 1369 1138 sequentis
1402 1082 1589 1137 impetus
1622 1080 1754 1137 rapit,

185 1142 433 1192 Quinctium
466 1142 652 1184 maxime
688 1146 731 1184 et
769 1157 864 1184 cum
905 1156 954 1184 eo
994 1142 1219 1198 degressos
1258 1141 1385 1183 modo
1426 1141 1476 1184 de
1515 1140 1751 1196 montibus,

186 1202 526 1244 recentissimum
561 1202 614 1243 ad
647 1202 838 1243 laborem
883 1201 1085 1256 militem,
1120 1201 1221 1256 quia
1264 1201 1419 1242 ultimo
1464 1200 1629 1255 proelio
1675 1198 1748 1241 ad-

187 1263 375 1303 venerat.

303 1320 361 1361 Hi
394 1322 622 1374 postquam
658 1319 783 1360 mixti
815 1319 1014 1361 hostibus
1048 1321 1219 1373 portam
1251 1319 1486 1372 intravere,
1524 1318 1568 1359 in
1606 1330 1752 1358 muros

186 1378 373 1420 evadunt
407 1379 579 1433 suisque
613 1379 728 1433 capti
762 1378 910 1433 oppidi
943 1379 1112 1433 signum
1147 1393 1197 1419 ex
1237 1392 1359 1419 muro
1400 1377 1574 1419 tollunt.
1637 1375 1752 1431 quod

188 1438 259 1479 ubi
292 1438 479 1479 dictator
511 1438 737 1492 conspexit
768 1462 825 1467 ——
856 1438 941 1478 iam
977 1438 1088 1478 enim
1123 1440 1166 1478 et
1191 1437 1283 1491 ipse
1305 1437 1349 1478 in
1371 1436 1542 1478 deserta
1559 1435 1752 1477 hostium

186 1500 326 1539 eastra
354 1499 656 1551 penetraverat
687 1521 755 1552 ——,
789 1496 1033 1550 cupientem
1066 1495 1250 1537 militem
1283 1495 1521 1536 discurrere
1548 1493 1600 1536 ad
1626 1508 1748 1549 prae-

186 1555 283 1597 dam
318 1570 392 1611 spe
425 1556 583 1597 iniecta
626 1555 801 1597 maioris
846 1557 888 1596 in
932 1555 1037 1596 urbe
1081 1554 1266 1609 praedae
1313 1554 1365 1595 ad
1409 1556 1580 1609 portam
1625 1552 1754 1608 ducit,

187 1618 469 1669 receptusque
502 1615 615 1655 intra
647 1629 792 1656 muros
825 1614 870 1655 in
903 1628 1062 1668 arcem,
1095 1628 1178 1667 quo
1211 1627 1333 1655 ruere
1364 1612 1625 1667 fugientium
1656 1614 1747 1653 tur-

188 1674 286 1715 bam
313 1673 508 1727 videbat,
539 1673 694 1728 pergit.
744 1688 821 1715 nec
853 1673 994 1714 minor
1021 1672 1170 1714 caedes
1204 1673 1249 1713 in
1275 1672 1378 1713 urbe
1406 1686 1534 1727 quam
1560 1671 1605 1712 in
1629 1684 1752 1725 proe-

184 1733 241 1774 lio
282 1732 386 1786 fuit,
427 1732 560 1774 donec
607 1732 786 1773 abiectis
835 1732 964 1774 armis
1015 1731 1124 1773 1111111
1169 1734 1340 1786 praeter
1372 1731 1506 1772 vitam
1551 1731 1752 1784 petentes

187 1791 385 1833 dictatori
429 1791 655 1833 deduntur.
717 1791 819 1832 urbs
862 1793 1088 1845 castraque
1131 1790 1400 1844 diripiuntur.
1463 1791 1638 1844 postero
1682 1788 1752 1830 die

1047 1941 1115 1974 per
1141 1929 1276 1975 castra]
1305 1928 1373 1964 Die
1393 1928 1599 1963 Fidenaten
1623 1927 1756 1962 hatten

226 1934 257 1966 8.
283 1931 430 1976 species]
465 1930 542 1964 ‘die
567 1929 842 1975 Erscheinung,
870 1930 934 1964 der

1008 1977 1079 2012 den
1104 1975 1233 2011 linken
1257 1980 1347 2012 rom.
1361 1975 1493 2020 Flfigel
1517 1975 1556 2010 in
1570 1975 1636 2009 der
1648 1973 1755 2008 N‘ahe

184 1977 353 2012 Anblick‘r
383 1978 449 2011 der
486 1977 554 2011 mit
587 1977 750 2012 Fackeln
784 1977 932 2012 bewaff-

186 2027 296 2059 neten
324 2024 449 2061 Sohar.

231 2073 399 2117 strayem]
446 2070 702 2116 ‘Niedffl-1age'.
754 2071 813 2106 Sic
858 2083 934 2106 war

185 2118 304 2153 einem
316 2119 656 2153 Zusammensturze
677 2119 772 2153 ohne
793 2118 932 2153 fremde

185 2166 344 2208 Gewalt7
379 2165 481 2199 einer
512 2165 677 2210 volligen
709 2166 934 2210 Zerstorung

185 2212 347 2247 ilhnlich.

233 2264 264 2294 9.
291 2260 386 2305 suos]
422 2259 487 2295 auf
512 2260 723 2304 Quinctium
758 2260 933 2304 bezogcn,

184 2325 214 2339 1
244 2307 453 2351 Quinctium
481 2308 631 2352 Ieyatum
661 2317 739 2341 cum
764 2307 851 2341 suis.

231 2355 354 2399 siqua]
384 2353 443 2388 Sie
466 2354 618 2387 wurden
638 2353 699 2387 bei
726 2353 843 2387 einen]
861 2354 933 2387 An-

185 2401 289 2445 griffe
324 2403 636 2445 vorangetragen,
675 2400 789 2434 daher
824 2401 935 2444 infert

184 2450 289 2493 signa
309 2464 341 2479 z
368 2449 491 2492 instat,
517 2449 736 2493 (φφ-Μῆτιν.

234 2499 286 2531 10.
313 2496 468 2541 diversa]
497 2497 842 2539 entgegengesetzt,
879 2506 932 2529 er-

185 2544 283 2577 klart
310 2542 425 2576 durch
452 2555 473 2577 α
504 2546 623 2584 fronte
649 2547 679 2577 et
706 2543 750 2577 ab
778 2546 884 2588 tergo.

232 2591 269 2624 in
307 2594 425 2624 castra
464 2590 572 2634 retro]
614 2588 824 2631 Quinctius,
860 2600 933 2623 von

184 2636 394 2671 'Nordosten
431 2636 645 2679 kommend,
686 2636 827 2670 schmitt
861 2636 933 2670 den

189 2683 386 2728 Vejentern
413 2683 555 2718 sowohl
576 2683 634 2717 (116
655 2682 856 2717 Βίὶ61(1(6111·
876 2682 931 2717 ins

185 2731 303 2775 Lager
335 2731 389 2764 als
422 2730 481 2764 die
508 2730 643 2764 Flucht
674 2730 741 2764 auf
769 2729 828 2763 (116
862 2732 934 2765 ost-

186 2779 294 2811 w'arts
321 2776 521 2822 liegenden
545 2777 677 2811 Hohen
704 2778 761 2814 ab.

235 2829 270 2858 11
315 2824 421 2870 alios]
454 2824 537 2858 Dies
564 2824 693 2859 deutet
712 2824 778 2858 auf
795 2824 855 2858 ein
874 2824 934 2858 bei

184 2871 448 2906 obtruncantur
473 2883 515 2905 zu
542 2871 788 2915 erganzendes
815 2872 891 2906 alii.

230 2918 369 2962 ferzmtj
399 2934 425 2947 ε
453 2919 621 2963 rapiunt,
649 2919 832 2961 auferunt.

1007 2024 1071 2058 des
1108 2023 1236 2058 Tibers
1274 2022 1505 2068 angegriffen
1541 2024 1574 2067 (5
1555 2022 1644 2067 53)
1679 2020 1756 2055 und.

1006 2070 1311 2105 zui-iickweichen
1353 2073 1511 2104 mussen.
1567 2067 1755 2103 wahrend

1007 2118 1122 2152 daher
1149 2117 1207 2152 die
1234 2117 1362 2151 weiter
1387 2116 1524 2151 &stlich
1550 2115 1755 2150 stehenden

1005 2165 1183 2209 Vejenter
1208 2163 1259 2198 im
1284 2163 1437 2198 Rfieken
1469 2161 1756 2208 abgeschnitten

1009 2211 1101 2254 sind,
1124 2211 1244 2245 bleibt
1263 2211 1346 2245 dem
1360 2211 1452 2245 Res-t
1471 2210 1537 2244 der
1549 2209 1756 2244 Fidenaten

1008 2259 1067 2292 die
1101 2258 1237 2292 Flucht
1271 2258 1386 2292 durch
1425 2258 1490 2292 das
1525 2256 1757 2302 vejentische

1007 2305 1128 2350 Lagei·
1154 2305 1250 2340 nach
1277 2305 1342 2339 der
1370 2305 1479 2340 Stadt
1505 2303 1612 2338 offen.

1058 2357 1110 2387 12.
1137 2351 1434 2398 recentissimum]
1462 2350 1530 2386 Die
1549 2351 1664 2385 Leute
1691 2350 1756 2384 des

1008 2399 1202 2442 Quinctius
1247 2400 1377 2434 stehen
1426 2399 1498 2433 den
1547 2397 1757 2432 fliehenden

1007 2447 1214 2481 Fidenaten
1252 2446 1430 2481 zunachst
1464 2445 1540 2479 und
1575 2444 1658 2480 sind
1692 2455 1758 2478 zur

1005 2494 1138 2529 Arbeit
1158 2505 1216 2528 am
1242 2493 1480 2534 frischesten‚
1501 2491 1587 2526 weil
1607 2491 1660 2526 sie
1681 2492 1758 2525 erst

1006 2552 1126 2587 gegen
1154 2541 1219 2575 das
1246 2540 1350 2575 Ende
1377 2541 1441 2574 des
1467 2538 1644 2584 Kampfes
1678 2537 1754 2573 ein-

1006 2588 1188 2634 getroffen
1213 2587 1306 2622 sind.

1054 2635 1119 2670 34.
1147 2639 1178 2670 1
1206 2635 1352 2680 tollwnt]
1388 2633 1448 2668 Sie
1473 2632 1642 2678 pflanzen
1673 2631 1755 2666 eine

1006 2681 1118 2716 1ὂ1111ε
1105 2683 1191 2716 che
1206 2682 1345 2727 Flagge
1373 2680 1439 2715 auf
1461 2680 1526 2714 der
1546 2679 1674 2713 Mauer
1693 2677 1760 2713 auf

1007 2729 1083 2763 und
1116 2729 1251 2763 deuten
1275 2709 1451 2763 dadurch
1486 2736 1552 2769 an,
1585 2724 1660 2760 dass
1695 2724 1754 2759 die

1010 2776 1118 2811 Stadt
1142 2775 1181 2809 111
1206 2775 1306 2810 ihrer
1331 2773 1476 2809 Gewalt
1502 2753 1564 2808 sei

1051 2828 1082 2858 3
1093 2822 1289 2867 deduntur]
1300 2820 1449 2856 reflexiv
1463 2821 1555 2854 statt
1564 2830 1600 2855 se
1610 2820 1755 2855 dedunt

1010 2891 1048 2896 ——
1080 2870 1149 2904 Die
1177 2867 1558 2913 Siege1·e1··schlagen
1593 2866 1653 2901 die
1686 2866 1756 2900 Be-

1005 2916 1218 2958 waffneten3
1247 2926 1319 2949 wei
1354 2926 1411 2949 am
1446 2913 1570 2949 Leben
1604 2912 1755 2948 bleiben
