1799 3105
646 108 790 143 LIBER
813 108 876 143 IV.
921 106 1024 143 CAP.
1050 112 1107 142 44.

116 134 142 152 a.
159 126 228 152 Chr.
242 133 272 152 ιι.
285 127 347 152 420.
1622 109 1677 151 75

99 222 268 264 tribuni
299 222 436 277 plebi,
469 225 569 262 ante
602 233 750 262 omnes
783 217 1026 273 Pompilius
1052 216 1357 271 Antistiusque
1383 216 1556 273 repulsa
1582 231 1678 259 suo-

102 297 201 323 rum
238 281 424 323 accensi:
457 280 662 336 quidnam
700 277 744 319 id
782 277 845 319 rei
889 277 1012 319 esse?
1057 291 1144 318 non
1188 276 1276 318 suis
1321 267 1560 330 beneficiis,
1591 291 1678 318 non
1705 288 1726 318 4

102 343 280 397 patrum
316 340 507 394 iniuriis,
543 354 630 381 non
668 337 850 392 denique
887 335 1125 391 usurpandi
1165 335 1364 390 libidine,
1403 349 1499 376 cum
1537 335 1678 391 liceat,

107 400 221 455 quod
256 403 357 441 ante
389 414 476 441 non
507 397 695 452 licuerit,
727 396 764 438 si
795 410 883 437 non
915 396 1136 437 tribunum
1175 395 1425 450 militarem,
1458 409 1510 436 ne
1550 409 1677 450 quae-

101 463 266 501 storem
293 459 466 514 quidem
493 471 751 514 quemquam
777 470 829 497 ex
855 455 980 510 plebe
1006 455 1180 496 factum.
1219 469 1304 496 non
1323 454 1513 496 valuisse
1539 455 1676 509 patris
1705 468 1724 498 ὁ

103 533 181 574 pro
207 518 318 574 filio,
338 518 486 560 fratris
514 532 591 572 pro
623 517 758 558 fratre
783 529 948 570 preces,
969 514 1242 556 tribunorum
1268 513 1424 569 plebis,
1445 514 1678 569 potestatis

103 582 404 620 sacrosanctae
438 578 491 619 ad
525 576 735 619 auxilium
771 574 988 616 libertatis
1028 577 1218 629 creatae3
1250 573 1445 615 fraudem
1484 573 1678 628 profecto

102 638 148 680 in
179 652 225 680 re
269 652 381 692 esse,
419 640 463 678 et
494 636 545 679 A.
580 634 882 690 Sempronium
921 633 1106 676 comitiis
1145 633 1243 688 plus
1284 632 1390 674 artis
1430 633 1678 675 adhibuisse

101 711 234 751 quam
264 696 378 739 fidei.
440 696 531 738 eius
563 695 721 737 iniuria
754 694 875 749 queri
907 707 1006 735 suos
1039 692 1202 734 honore
1236 692 1440 734 deiectos.

220 755 375 811 Itaque
408 770 503 797 cum
535 755 581 796 in
612 755 756 809 ipsum
789 756 832 795 et
862 752 1111 795 innocentia
1142 755 1286 793 tutum
1320 754 1363 793 et
1402 752 1678 808 magistratu,
1705 765 1724 795 6

101 816 147 857 in
179 827 263 870 quo
296 819 400 857 tunc
433 819 544 870 erat,
575 815 762 869 impetus
795 813 888 854 fieri
918 827 1007 854 non
1038 814 1203 867 posset,
1235 811 1389 853 flexere
1427 811 1513 854 iras
1552 812 1597 854 111
1632 811 1676 854 C.

102 873 425 930 Sempronium,
457 874 700 929 patruelem
731 872 942 927 Atratini,
976 872 1098 926 eique
1131 871 1185 913 ob
1217 870 1503 927 ignominiam
1529 871 1677 914 Volsci

101 934 206 976 belli
245 934 440 976 adiutore
481 933 648 988 collega
686 932 743 974 M.
777 931 982 975 Canuleio
1022 931 1134 972 diem
1180 931 1337 972 dixere.
1399 930 1579 972 subinde
1625 932 1676 972 ab
1706 944 1724 975 7

101 993 257 1035 iisdem
282 994 471 1035 tribunis
498 993 662 1035 mentio
688 993 734 1034 in
762 994 915 1033 senatu
943 991 992 1032 de
1021 991 1138 1046 agris
1167 990 1407 1032 dividendis
1434 990 1574 1032 inlata
1601 994 1679 1043 est,

100 1053 171 1095 cui
203 1053 362 1095 actioni
394 1068 564 1108 semper
596 1053 802 1094 acerrime
837 1050 880 1093 O.
903 1049 1182 1105 Sempronius
1216 1050 1457 1105 restiterat,
1483 1050 1608 1105 ratis,
1635 1050 1678 1092 id

100 1112 214 1168 quod
249 1115 359 1168 erat,
397 1116 472 1154 aut
504 1112 701 1166 deposita
739 1126 868 1153 causa
905 1110 1111 1152 leviorem
1148 1109 1342 1151 futurum
1381 1109 1494 1164 apud
1531 1113 1677 1165 patres

101 1187 240 1225 reum,
262 1175 338 1214 aut
358 1175 707 1226 perseverantem
734 1171 812 1224 sub
836 1170 984 1212 iudicii
1003 1173 1174 1224 tempus
1201 1169 1372 1223 plebem
1401 1169 1678 1211 offensurum.

99 1232 308 1273 adversae
340 1231 530 1273 invidiae
563 1231 676 1273 obici
702 1231 858 1272 maluit
884 1233 926 1270 et
954 1244 1055 1271 suae
1083 1243 1234 1270 nocere
1262 1243 1415 1270 causae
1443 1243 1572 1284 quam
1599 1244 1676 1283 pu-
1704 1241 1724 1272 8

100 1291 240 1333 blicae
279 1290 445 1345 deesse3
485 1290 691 1345 stetitque
730 1290 775 1331 in
814 1289 962 1331 eadem
996 1288 1229 1342 sententia,
1261 1303 1314 1329 ne
1360 1303 1444 1343 qua
1486 1288 1678 1344 largitio,

99 1365 276 1392 cessura
306 1350 352 1391 in
384 1350 517 1392 trium
554 1349 740 1406 gratiam
779 1349 1070 1403 tribunorum,
1103 1348 1240 1403 fieret3
1273 1362 1352 1389 nec
1389 1350 1482 1389 turn
1522 1361 1676 1403 agrum

100 1410 237 1466 plebi,
274 1409 350 1451 sed
394 1410 478 1451 sibi
520 1409 730 1451 invidiam
775 1408 942 1463 quaeri3
987 1423 1030 1449 se
1075 1422 1244 1463 quoque
1289 1407 1536 1449 subiturum
1582 1423 1677 1450 eam

99 1472 407 1525 tempestatem
438 1469 541 1511 forti
573 1469 734 1524 animo,
760 1483 837 1510 nec
870 1468 1040 1510 senatui
1065 1467 1178 1509 tanti
1199 1482 1243 1509 se
1264 1467 1401 1509 civem
1428 1470 1503 1509 aut
1530 1482 1675 1522 quem-

1704 1301 1723 1332 9

1695 1346 1732 1363 ι..

147 1627 180 1657 4.
206 1622 385 1667 quidnam
406 1622 492 1667 etc]
517 1621 585 1656 Die
607 1620 735 1655 Oratio
757 1620 849 1656 obli-

99 1681 176 1715 qua
209 1671 260 1704 ist
296 1668 489 1714 abhangig
524 1681 567 1703 zu
605 1669 752 1703 denken
777 1679 851 1703 von

99 1717 224 1753 einem
248 1728 314 1751 aus
339 1718 462 1760 furere
486 1729 529 1752 zu
551 1716 852 1751 entnehmenden

99 1765 266 1800 Verbum
294 1763 455 1798 dicendi.

148 1813 226 1848 suis
260 1812 455 1857 benefieiis]
490 1811 570 1845 ihre
603 1810 850 1856 har-tnackige

99 1859 378 1904 Verteidigung
424 1859 490 1894 der
525 1859 745 1904 Ansprfiche
785 1858 850 1893 des

99 1907 258 1951 Volkes,
280 1906 374 1952 Kap.
396 1911 452 1950 43,
469 1911 488 1942 S
503 1906 564 1951 fig.

147 1955 373 2001 usurpandi]
391 1955 563 1998 (Rechte‘)
585 1966 629 1988 zu
649 1953 850 1989 erwerben.

148 2004 183 2038 si
214 2013 307 2046 non,
341 2002 502 2037 welches
537 2002 635 2036 nach
671 2002 743 2036 (1611
768 2013 850 2036 vor-

100 2050 368 2096 ausgehenden
425 2061 501 2085 non
549 2049 677 2084 besser
726 2049 852 2084 fehlen

101 2098 243 2142 wfirde,
280 2098 352 2132 soll
387 2098 452 2132 der
485 2097 589 2132 Rede
624 2097 852 2132 Nachdruck

100 2145 310 2181 verleihen:
345 2145 414 2189 sei,
442 2144 550 2180 nicht
569 2156 612 2179 zu
639 2146 754 2180 reden
778 2156 853 2179 von

102 2193 225 2228 einem
259 2192 593 2236 Konsulartribun,
630 2192 737 2227 nieht
776 2192 851 2227 ein-

101 2241 178 2275 mal
202 2252 237 2275 11.
265 2252 292 2275 s.
319 2252 364 2276 w,

150 2292 183 2323 5.
230 2288 477 2334 tribunorum]
534 2287 762 2333 Apposition
808 2299 852 2322 zu

96 2336 222 2382 patris
246 2335 323 2369 und
348 2336 497 2379 fratris,
525 2336 625 2370 (131111
645 2335 763 2370 selbst
785 2335 852 2370 mit

101 2383 168 2418 der
214 2382 441 2428 Apposition
488 2385 678 2428 potestatis
729 2394 849 2418 sacro-

100 2434 250 2466 sanctae
275 2430 504 2465 verbunden.

149 2478 333 2524 fraudem]
348 2477 409 2513 Sie
420 2478 578 2523 meinen,
593 2478 652 2513 die
666 2478 850 2513 Stimmen

102 2525 206 2560 seien
232 2525 421 2570 gefalscht
446 2526 608 2562 worden.

149 2573 268 2619 queri]
284 2589 313 2603 =
326 2574 579 2617 querebantur.

151 2625 184 2656 6.
204 2621 438 2667 magistratu]
460 2620 529 2656 Die
549 2621 716 2656 hoheren
729 2620 848 2666 Magi-

104 2669 221 2704 strate
259 2668 427 2703 konnten
462 2680 594 2712 wegen
625 2668 848 2703 Missbrauch

104 2715 195 2750 oder
233 2715 489 2761 nachlassiger
528 2716 706 2761 Ffihrung
749 2715 849 2750 ihi-es

102 2762 234 2798 Amtes
261 2765 338 2798 erst
362 2764 460 2798 nach
481 2763 546 2798 der
564 2763 851 2808 Niederlegung

103 2810 300 2845 desselben
309 2822 371 2844 zur
380 2810 502 2846 Strafe
517 2822 683 2856 gezogen
691 2811 850 2844 werden.

151 2858 245 2892 diem
276 2859 414 2904 dixere]
451 2857 518 2894 Die
555 2857 635 2893 drei
662 2857 853 2892 Tribunen

102 2905 264 2939 nehmen
299 2905 359 2940 die
393 2916 458 2940 vor
489 2905 580 2939 zwei
605 2904 746 2939 Jahren
779 2915 853 2939 von

924 1620 962 1655 L.
999 1619 1220 1654 Hortensius
1263 1620 1519 1665 aufgegebene
1556 1620 1675 1665 Klage

924 1668 1064 1702 wieder
1091 1667 1163 1701 auf.

975 1719 1005 1750 7.
1029 1716 1158 1750 mentio
1176 1744 1181 1749 .
1200 1744 1205 1749 .
1224 1716 1380 1761 .inlata]
1403 1715 1471 1750 Die
1485 1715 1676 1750 Tribunen

925 1763 1157 1807 verlangten,
1179 1761 1253 1796 (1313
1269 1763 1335 1797 der
1350 1762 1674 1806 Konsulartribun,

924 1810 1086 1845 welcher
1132 1810 1204 1844 den
1247 1810 1396 1845 Vorsitz
1440 1810 1491 1845 im
1539 1811 1674 1846 Senate

925 1858 1045 1901 hatte,
1099 1857 1169 1891 den
1214 1857 1456 1902 Gegens'tand
1499 1870 1562 1893 zur
1607 1859 1674 1894 Be-

924 1907 1061 1949 ratung
1087 1905 1311 1949 vorzulegen
1337 1905 1435 1940 habe
1462 1906 1551 1951 (vgl.
1578 1906 1672 1952 Kap.

928 1959 958 1997 1,
974 1957 1011 1993 2;
1039 1957 1070 1995 8,
1087 1957 1208 1997 4;‚47,
1226 1957 1272 1998 6).

973 1999 1082 2047 ratis]
1117 2000 1254 2035 Partic.
1292 2000 1387 2036 coni.
1430 2013 1473 2035 zu
1499 2003 1673 2046 tribunae,

928 2065 954 2078 =
981 2060 1061 2084 cum
1081 2052 1268 2093 putarent.

973 2097 1135 2141 deposita
1162 2107 1229 2131 cau
1275 2097 1287 2142 ]
1312 2097 1346 2131 (1.
1367 2097 1402 2131 h.
1425 2108 1532 2132 wenn
1553 2108 1592 2132 er
1613 2097 1673 2132 die

927 2144 1046 2178 Sache
1086 2144 1152 2178 der
1185 2143 1238 2178 Pa
1257 2144 1381 2188 rizier,
1419 2145 1490 2180 den
1525 2144 1672 2180 Wider—

926 2192 1037 2226 stand
1068 2202 1191 2236 gegen
1227 2191 1287 2226 ein
1313 2192 1566 2237 Ackergesetz
1593 2193 1672 2227 auf-

925 2239 1047 2284 geben
1074 2239 1210 2274 wfirde.

973 2291 1005 2323 8.
1033 2288 1217 2334 adversae]
1246 2287 1672 2332 gegneriseh‚:adver-

924 2346 1119 2370 sanorum.

974 2387 1005 2417 9.
1048 2383 1159 2428 stetit]
1204 2382 1278 2417 Das
1316 2382 1482 2427 Simplex
1520 2382 1672 2417 vertritt

923 2430 1005 2465 hier
1061 2430 1126 2464 das
1184 2430 1444 2476 Kompositum
1495 2434 1671 2475 perstare.

923 2482 980 2521 37,
997 2481 1052 2521 52,
1069 2481 1112 2512 10
1126 2482 1273 2513 senatus
1298 2479 1340 2513 in
1365 2479 1486 2513 eadem
1506 2483 1672 2523 perstare

921 2526 1098 2560 sententia
1110 2540 1123 2567 ;
1149 2524 1251 2560 Caes.
1280 2530 1311 2568 7,
1328 2529 1382 2569 26,
1399 2529 1430 2559 4.
1645 2563 1648 2566 ⁴

971 2573 1130 2618 cessura]
1178 2574 1296 2608 cedere
1340 2574 1379 2607 in
1425 2573 1586 2617 aliquid,
1631 2573 1671 2608 111

925 2622 1038 2655 etwas
1058 2619 1285 2665 iibergehen,
1308 2631 1351 2653 zu
1373 2621 1486 2655 etwas
1501 2620 1670 2656 werden:

923 2672 955 2710 6,
973 2671 1026 2710 14,
1040 2670 1083 2700 12
1105 2679 1237 2703 aarum
1269 2678 1312 2702 ex
1336 2667 1498 2703 hostibus
1523 2672 1670 2713 captum

923 2716 964 2749 in
972 2725 1178 2759 paucorum
1193 2715 1372 2759 praedam
1387 2716 1548 2757 cessisse;
1568 2715 1668 2751 Curt.

924 2766 957 2803 3,
974 2766 1005 2804 6,
1024 2765 1064 2796 18
1080 2764 1260 2797 temeritas
1274 2763 1315 2797 ire.
1334 2763 1486 2807 qloriam
1507 2768 1668 2800 cesserat.

971 2820 1036 2844 nee
1053 2809 1143 2855 tam]
1158 2825 1189 2839 z
1204 2813 1236 2844 et
1248 2810 1389 2845 dicebat
1408 2815 1483 2845 tum
1503 2822 1578 2846 non
1597 2813 1668 2846 etc.

973 2856 1125 2901 quoque]
1163 2856 1233 2892 wie
1261 2868 1299 2892 so
1328 2857 1504 2894 manoher
1530 2858 1669 2894 audere

926 2903 1118 2939 Patrizier.
