1799 3105
132 76 187 118 (38
587 76 731 111 LIBER
758 77 818 111 III.
856 76 956 112 CAP.
984 81 1039 112 39.
1066 81 1122 113 40.
1492 95 1517 114 a.
1537 96 1565 114 u.
1585 95 1610 114 c.
1629 89 1692 116 305.

131 185 428 240 magistratus,
468 187 634 227 creatos
673 187 825 239 postea
856 187 956 239 post
989 186 1272 227 secessionem
1305 187 1440 240 plebis
1480 186 1690 242 plebeios3

132 245 250 286 cuius
284 245 345 285 illi
378 244 513 298 partis
561 248 723 297 essent,
765 244 966 298 rogitare.
1027 245 1284 299 populares?
1317 246 1418 300 quid
1461 246 1574 287 enim
1619 260 1691 289 eos

132 317 206 358 per
238 304 444 357 populum
470 303 640 358 egisse?
675 303 934 357 optimates?
969 304 1040 358 qui
1067 318 1181 345 anno
1208 305 1294 345 iam
1326 319 1459 359 prope
1494 307 1691 347 senatum

130 377 217 404 non
244 363 490 416 habuerint,
522 377 634 403 nunc
666 363 728 403 ita
760 362 965 415 habeant,
1005 366 1051 403 ut
1083 363 1132 404 de
1168 377 1213 404 re
1245 363 1417 417 publica
1449 365 1567 419 loqui
1593 379 1689 419 pro-

63 435 104 466 10
130 421 336 463 hibeant'?
383 436 436 462 ne
469 422 649 463 nimium
680 422 724 462 in
756 424 873 462 metu
912 422 1051 463 alieno
1091 422 1181 476 spei
1219 426 1443 476 ponerent:
1488 425 1688 478 graviora

132 495 240 535 quae
278 480 498 534 patiantur
524 480 658 522 videri
683 481 770 521 iam
807 480 1070 535 hominibus,
1104 496 1232 535 quam
1265 496 1371 536 quae
1403 484 1613 524 metuant.

59 543 116 583 40
251 538 367 580 Haec
389 539 649 581 vociferante
670 539 852 582 Horatio
879 555 975 582 cum
1002 540 1227 582 decemviri
1254 555 1333 582 nec
1357 541 1446 582 irae
1467 555 1544 583 nec
1569 542 1696 596 igno-

132 598 276 640 scendi
303 598 475 640 modum
500 600 736 654 reperirent
761 613 854 651 nec,
888 614 972 654 quo
999 614 1179 641 evasura
1204 614 1270 641 res
1292 602 1421 654 esset,
1454 603 1694 655 cernerent,

85 670 104 700 2
131 656 175 699 O.
205 655 366 711 Claudi,
393 659 464 712 qui
490 663 666 712 patruus
688 659 802 712 Appi
830 659 1059 700 decemviri
1086 662 1189 712 erat,
1215 660 1354 700 oratio
1379 659 1464 700 fuit
1494 659 1691 714 precibus

132 731 260 771 quam
292 718 431 772 iurgio
464 718 664 770 similior,
706 718 868 759 orantis
907 732 981 771 per
1013 718 1078 759 sui
1118 718 1264 759 fratris
1296 719 1572 772 parent-isque
1599 719 1690 760 eius

84 789 103 820 3
132 790 298 829 manes,
336 779 384 817 ut
416 777 553 818 civilis
587 778 728 831 potius
763 777 1000 829 societatis,
1039 777 1083 817 in
1116 792 1199 831 qua
1230 780 1356 818 natus
1389 781 1519 830 esset,
1562 791 1692 833 quam

130 835 315 877 foederis
349 835 510 877 nefarie
542 837 615 877 icti
648 850 743 877 cum
777 836 955 890 collegis
988 836 1264 879 meminisset.
1308 837 1445 878 multo
1477 836 1520 877 id
1550 837 1689 890 magis

83 908 105 938 4
131 908 176 936 se
208 895 322 936 illius
356 909 484 936 causa
523 910 643 937 orare
671 909 799 949 quam
824 895 886 936 rei
911 895 1126 949 publicae,
1158 895 1314 949 quippe
1345 909 1434 936 rem
1461 895 1690 950 publicam,

132 954 169 994 si
209 968 233 994 a
271 954 511 995 volentibus
548 958 750 1009 nequeat,
796 955 849 996 ab
891 954 1039 995 invitis
1078 955 1145 995 ius
1184 955 1485 1008 expetituram3
1531 954 1605 996 sed
1643 969 1693 996 ex

131 1026 290 1066 magno
324 1014 553 1054 certamine
585 1027 765 1068 magnas
798 1014 973 1055 excitari
1005 1013 1137 1054 ferme
1172 1013 1275 1067 iras3
1315 1027 1461 1054 earum
1492 1016 1689 1065 eventum

85 1086 105 1116 5
133 1086 177 1112 se
204 1072 387 1127 horrere.
434 1087 527 1114 cum
556 1073 683 1126 aliud,
710 1076 1008 1127 praeterquam
1031 1073 1081 1113 de
1109 1087 1193 1127 quo
1220 1073 1501 1126 rettulissent,
1528 1072 1691 1114 decem-

132 1131 212 1171 viri
245 1131 382 1173 dicere
415 1132 708 1186 prohiberent,
736 1130 961 1173 Claudium
988 1132 1291 1186 interpellandi
1317 1131 1571 1173 verecundia
1594 1131 1689 1173 fuit.

133 1191 388 1232 sententiam
420 1192 554 1246 igitur
592 1192 775 1246 peregit,
819 1191 986 1232 nullum
1025 1191 1194 1245 placere
1234 1193 1406 1232 senatus
1448 1191 1691 1232 consultum

84 1264 104 1294 6
130 1249 232 1290 fieri.
277 1264 508 1304 omnesque
541 1251 603 1291 ita
636 1251 922 1304 accipiebant,
954 1251 1146 1305 privatos
1174 1265 1245 1292 eos
1273 1265 1298 1292 a
1319 1249 1499 1292 Claudio
1531 1249 1692 1291 iudica-

84 1323 103 1354 7
131 1312 218 1356 tos;
245 1309 452 1363 multique
473 1324 524 1350 ex
545 1310 843 1351 consularibus
864 1311 993 1351 verbo
1016 1310 1186 1350 adsensi
1209 1312 1319 1351 sunt.
1358 1309 1441 1350 alia
1467 1309 1693 1360 sententia,

133 1369 323 1422 asperior
372 1370 416 1409 in
462 1369 666 1422 speciem,
715 1370 802 1410 vim
847 1369 1055 1410 minorem
1101 1369 1325 1423 aliquanto
1370 1369 1539 1421 habuit,
1584 1382 1692 1422 quae

177 1511 208 1542 9.
229 1509 460 1543 secessionem
473 1508 605 1554 plebis]
623 1508 705 1553 Vgl.
721 1521 765 1542 zu
781 1509 873 1553 Kap.

131 1559 163 1599 9,
178 1559 299 1648 ciiiius]
320 1620 364 1632 =
385 1603 524 1646 utrius,
557 1602 596 1636 in
630 1602 876 1648 Verbindung

130 1651 200 1684 mit
219 1652 361 1694 partis‚·
388 1650 523 1685 ebenso
549 1649 583 1693 4,
612 1655 643 1694 5,
668 1655 708 1693 33
736 1650 796 1694 21,
819 1654 874 1694 39,

131 1701 169 1740 6;
197 1697 257 1740 22,
285 1701 341 1741 23,
369 1701 400 1732 6.

948 1507 1053 1542 dikat
1079 1508 1192 1553 (etwa
1217 1509 1276 1542 ius
1301 1509 1506 1553 impetrare)
1534 1520 1577 1542 zu
1611 1508 1690 1542 ent-

948 1556 1117 1590 nehmen.

995 1604 1055 1637 ius
1074 1602 1329 1647 eoepetituram]
1357 1601 1494 1637 ‘werde
1515 1602 1594 1637 sich
1617 1613 1691 1637 von

949 1649 1062 1684 ihnen
1102 1649 1180 1684 sein
1217 1649 1337 1684 Recht
1374 1662 1418 1684 zu
1461 1649 1694 1685 verschaffen

949 1697 1112 1741 wisoen’,
1140 1697 1173 1732 d.
1201 1697 1236 1731 h.
1264 1695 1317 1731 sie
1343 1696 1510 1742 notigen,
1540 1696 1599 1731 die
1627 1708 1690 1732 an-

176 1745 249 1790 illi]
284 1745 362 1780 scil.
389 1746 586 1780 decemviri.
621 1765 665 1769 —
699 1746 875 1791 royitare]

131 1792 304 1837 Subjekt:
330 1804 366 1828 se
391 1792 440 1836 (d.
461 1793 497 1827 h.
524 1793 751 1837 Horatium).

177 1846 267 1890 quid
280 1847 375 1881 enim
390 1857 446 1882 eos
454 1857 523 1891 per
535 1847 711 1891 populum
722 1847 831 1891 eyisse
839 1845 876 1892 ἓ]

132 1892 223 1928 Sinn
255 1892 294 1927 in
329 1893 493 1929 direk‘ter
525 1894 643 1929 Rede:
681 1894 878 1938 populares

131 1951 206 1975 non
231 1945 337 1985 sunt;
368 1942 464 1976 nihil
494 1943 588 1976 enim
608 1952 677 1985 per
696 1941 877 1986 populum

131 1991 288 2033 eqerunt.

180 2082 243 2117 40.
284 2086 314 2117 1.
359 2093 423 2117 nec
459 2083 538 2117 irae
574 2092 638 2117 nec
668 2082 878 2126 iynoscendi

132 2129 292 2175 modum]
321 2130 354 2164 d.
370 2130 403 2163 h.
426 2129 495 2164 wie
513 2130 600 2163 weit
620 2129 671 2163 sie
691 2128 743 2163 im
760 2129 876 2163 Zorne

134 2176 223 2211 oder
242 2176 470 2220 Nachgeben
495 2177 616 2221 gehen
642 2176 788 2218 sollten,
814 2187 878 2209 um

134 2223 194 2258 die
217 2223 434 2269 Aufregung
460 2223 565 2257 nieht
589 2234 633 2257 zu
659 2223 877 2257 vermehren

132 2271 209 2305 und
244 2271 338 2305 doch
373 2271 468 2305 auch
501 2271 606 2304 nicht
631 2269 803 2305 schwach
835 2282 878 2304 zu

134 2317 360 2353 erscheinen.

183 2375 214 2405 2.
238 2371 414 2417 patruus]
441 2370 525 2415 Vgl.
552 2382 594 2404 zu
622 2370 712 2415 Kap.
741 2374 796 2412 33,
821 2375 852 2404 3.

181 2418 315 2465 oratio]
337 2418 475 2454 welche
490 2429 529 2452 er
542 2418 602 2453 bei
617 2419 681 2452 der
695 2418 878 2452 nunmehr

134 2465 377 2510 begonnenen
404 2464 580 2510 Umfrage
605 2465 700 2500 hielt
721 2465 809 2510 (vgl.
833 2476 877 2499 zu

133 2511 227 2557 Kap.
255 2517 317 2556 39,
343 2515 398 2557 2),
435 2513 560 2548 indem
594 2524 633 2547 er
664 2514 784 2548 zuerst
813 2525 876 2546 um

135 2560 236 2594 seine
249 2560 426 2606 Meinung
444 2561 592 2605 befragt
612 2560 737 2595 wurde
753 2560 875 2605 (Dion.

180 2655 318 2700 iurgio]
346 2654 531 2696 Vorwurf,
556 2654 685 2690 Tadel.

180 2711 212 2741 3.
238 2708 407 2754 foederis]
435 2708 526 2752 Kap.
555 2712 611 2751 36,
639 2712 671 2742 9.

180 2764 211 2795 4.
239 2761 386 2807 quippe]
417 2761 500 2806 Vgl.
528 2773 571 2795 zu
597 2761 690 2805 Kap.
717 2765 750 2805 9,
776 2765 809 2797 4.

183 2819 205 2841 a
235 2809 450 2854 volentibus]
496 2808 598 2843 Dazu
635 2807 685 2843 ist
719 2818 784 2842 aus
818 2808 877 2843 ius

133 2855 376 2898 expetituram
393 2854 452 2890 ein
467 2855 780 2900 entsprechendes
789 2854 875 2889 Pra-

950 1742 1127 1790 gemasste
1155 1744 1301 1779 Gewalt
1325 1743 1620 1789 niederzulegen.

997 1793 1058 1827 sed
1068 1803 1112 1826 eac
1124 1803 1256 1837 rna-qno
1271 1792 1463 1827 certamine
1476 1791 1563 1838 eta]
1584 1791 1693 1826 Sinn:

950 1840 1039 1874 aber
1065 1840 1131 1874 das
1166 1839 1288 1874 konne
1320 1839 1424 1874 nicht
1455 1838 1550 1874 ohne
1585 1838 1694 1874 einen

950 1885 1093 1932 grossen
1119 1887 1235 1921 Streit
1264 1886 1340 1921 und
1372 1886 1452 1922 eine
1483 1883 1600 1932 grosse
1626 1886 1692 1920 Er-

949 1934 1140 1979 bitterung
1187 1933 1414 1979 geschehen‚
1458 1934 1534 1968 und
1577 1933 1693 1968 davor

948 1982 1093 2016 fiirchte
1121 1993 1159 2016 er
1185 1981 1273 2016 sich.

997 2039 1028 2070 5.
1055 2034 1290 2080 rettulissent]
1312 2034 1394 2078 Vgl.
1417 2045 1461 2068 zu
1475 2034 1568 2078 Kap.
1589 2037 1692 2077 21‚2.

993 2088 1239 2133 prohiberent]
1279 2087 1427 2131 Imperf.
1463 2086 1508 2121 de
1541 2087 1693 2122 conatu:

950 2135 1098 2170 obwohl
1124 2134 1177 2169 sie
1203 2146 1247 2169 zu
1273 2133 1496 2169 verhindern
1523 2134 1689 2176 suchten,

950 2180 1026 2216 dass
1061 2181 1120 2216 die
1152 2180 1300 2216 Redner
1330 2192 1416 2216 vom
1450 2181 1692 2226 vorgelegten

950 2229 1206 2264 Traktandum
1232 2229 1428 2273 abgingen.

991 2276 1148 2322 pereyit]
1176 2275 1340 2311 Beachte
1366 2276 1425 2310 die
1451 2275 1594 2311 Livian.
1621 2274 1692 2310 Re-

951 2324 1100 2359 densart
1125 2324 1340 2359 sententiam
1362 2334 1550 2368 perayere,
1578 2322 1694 2358 ‘scine

950 2371 1109 2405 Ansicht
1118 2371 1332 2415 vortragen'
1343 2371 1390 2414 (7,
1400 2374 1456 2414 35,
1465 2374 1485 2405 2
1497 2369 1637 2414 ;22,60‚
1645 2371 1693 2414 6).

993 2418 1152 2464 placere]
1168 2418 1278 2453 naml.
1293 2418 1385 2462 siba}
1403 2428 1489 2452 vom
1503 2417 1693 2452 einzelnen

951 2465 1123 2507 Senator,
1150 2465 1219 2500 wie
1245 2470 1263 2508 ξ
1285 2469 1338 2499 11.

997 2523 1029 2554 6.
1055 2518 1176 2564 verbo]
1205 2518 1289 2553 ‘mit
1307 2518 1428 2553 einem
1445 2516 1582 2559 Wort’,
1603 2516 1636 2550 d.
1654 2516 1689 2551 h.

951 2566 1113 2609 einfach,
1158 2566 1254 2601 ohne
1297 2565 1550 2608 Motivierung
1593 2563 1693 2598 ihrer

951 2613 1242 2657 Stimmabgabe.
1271 2611 1358 2647 Sall.
1377 2610 1452 2646 Cat.
1468 2614 1524 2653 52,
1547 2614 1565 2644 l
1587 2611 1693 2645 ceteri

948 2661 1054 2696 verbo
1067 2661 1165 2695 alius
1179 2661 1247 2695 atii
1262 2660 1362 2694 varie
1382 2658 1689 2693 adsentiebantur.

998 2718 1030 2749 7.
1063 2713 1242 2758 asperior]
1274 2711 1359 2746 weil
1390 2710 1506 2745 durch
1532 2709 1592 2745 die
1617 2709 1691 2744 An-

950 2761 1085 2796 nahme
1105 2760 1222 2795 dieses
1242 2758 1426 2802 Antrages
1450 2757 1691 2792 entsohieden

950 2819 1122 2852 gewesen
1147 2810 1260 2847 ware,
1287 2803 1363 2839 dass
1389 2804 1449 2839 die
1471 2804 1691 2840 Dezemvirn

948 2854 1029 2889 ihre
1055 2853 1181 2888 Macht
1206 2852 1364 2898 ablegen
1389 2850 1558 2887 mfissten.
