1799 3105
137 68 194 109 94
692 69 837 104 LIBER
862 69 921 104 111.
962 69 1061 104 CAP.
1090 74 1146 106 56.

1499 88 1524 106 a.
1544 88 1572 106 u.
1592 88 1616 107 c.
1636 82 1700 109 305.

90 187 111 218 8
138 177 464 232 crudelitatique
492 178 572 218 etsi
600 191 734 231 seras,
765 191 851 218 non
883 177 997 218 leves
1029 179 1175 218 tamen
1201 178 1344 219 venire
1369 192 1530 233 poenas
1541 177 1570 234 (z
1602 194 1699 234 pro-

136 251 301 290 vocare,
333 238 405 291 qui
437 237 784 290 provocationem
812 236 1070 289 sustulisset,
1106 239 1148 277 et
1173 237 1404 290 implorare
1435 237 1696 291 praesidium

135 296 304 350 populi,
349 295 422 349 qui
466 295 610 336 omnia
653 295 747 336 iura
790 295 938 349 populi
982 295 1205 348 obtrisset3
1249 296 1428 350 rapique
1469 296 1513 337 in
1556 296 1700 338 vincla

137 358 333 408 egentem
366 355 457 394 iure
490 354 720 406 libertatis,
761 354 834 408 qui
866 354 1048 395 liberum
1081 368 1234 408 corpus
1265 354 1311 395 in
1345 354 1593 396 servitutem
1627 355 1698 396 ad-

137 411 343 467 dixisset),
374 413 507 466 ipsius
531 412 644 467 Appi
674 413 786 453 inter
819 412 1031 454 contionis
1064 427 1255 453 murmur
1286 412 1412 454 fidem
1438 413 1586 468 populi
1611 413 1696 455 Ro-

88 481 108 512 9
136 472 253 512 mani
297 471 568 525 implorantis
613 486 695 512 vox
739 471 1003 512 audiebatur.
1065 473 1277 513 maiorum
1322 472 1476 512 merita
1518 473 1563 514 in
1606 486 1698 514 rem

137 530 353 584 publicam
387 530 501 571 domi
534 530 793 585 militiaeque
827 530 1205 583 commemorabat,
1245 545 1368 571 suum
1406 530 1556 572 infelix
1595 544 1699 586 erga

136 589 305 642 plebem
326 588 564 630 Romanam
592 589 790 640 studium,
823 603 906 643 quo
933 588 1252 643 aequandarum
1279 590 1422 644 legum
1449 603 1698 636 causacum

138 647 326 688 maxima
353 648 585 690 offensione
612 651 782 702 patrum
810 648 1033 689 consulatu
1064 648 1237 702 abisset,
1264 662 1363 689 suas
1390 649 1518 703 leges,
1544 649 1699 703 quibus

68 716 110 748 10
136 707 412 747 manentibus
438 707 551 748 lator
578 722 722 748 earum
749 707 794 748 in
818 707 962 749 vincla
982 707 1172 748 ducatur.
1218 710 1404 748 ceterum
1426 721 1504 748 sua
1522 707 1700 762 propria

136 765 249 806 bona
281 767 497 820 malaque,
530 780 624 807 cum
657 780 810 807 causae
842 766 1041 807 dicendae
1074 766 1175 807 data
1206 765 1389 807 facultas
1422 766 1496 819 sit,
1527 770 1620 807 tum
1653 780 1698 807 se

136 827 426 879 experturum3
458 825 504 866 in
535 825 780 878 praesentia
813 839 856 866 se
884 825 1099 866 communi
1124 825 1215 865 iure
1241 824 1429 866 civitatis
1455 825 1591 866 civem
1611 824 1696 866 Ro-

136 897 309 924 manum
336 884 401 924 die
428 884 542 925 dicta
566 884 798 938 postulare,
829 886 877 924 ut
902 884 1038 925 dicere
1065 883 1204 936 liceat,
1234 887 1282 924 ut
1309 883 1513 924 iudicium
1544 883 1696 938 populi

134 941 319 983 Romani
344 943 537 997 experiri.
587 957 677 984 non
708 943 769 983 ita
802 957 845 983 se
877 942 1082 984 invidiam
1114 942 1399 996 pertimuisse,
1430 945 1480 983 ut
1509 941 1619 983 nihil
1649 942 1698 984 in

66 1011 107 1041 11
135 1002 352 1055 aequitate
385 1004 428 1042 et
459 1001 753 1043 misericordia
784 1001 939 1042 civium
974 1015 1146 1042 suorum
1180 1001 1271 1056 spei
1302 1000 1471 1042 habeat.
1521 1001 1634 1055 quod
1661 1001 1699 1042 si

134 1059 298 1101 indicta
341 1075 470 1102 causa
513 1061 558 1101 in
601 1060 745 1102 vincla
789 1060 984 1114 ducatur,
1026 1060 1182 1100 iterum
1228 1074 1272 1101 se
1312 1059 1512 1101 tribunos
1557 1059 1702 1113 plebei

67 1128 108 1158 12
135 1119 352 1172 appellare
385 1122 428 1160 et
458 1133 648 1170 monere,
690 1133 743 1160 ne
775 1119 999 1160 imitentur
1031 1132 1137 1173 quos
1170 1118 1348 1160 oderint.
1411 1117 1523 1172 quod
1555 1118 1592 1159 si
1621 1117 1699 1159 tri-

136 1177 240 1218 buni
279 1178 427 1219 eodem
464 1177 633 1219 foedere
672 1178 888 1233 obligatos
922 1192 966 1219 se
998 1177 1218 1219 fateantur
1256 1177 1471 1218 tollendae
1508 1177 1698 1231 appella-

136 1236 287 1290 tionis,
327 1237 373 1277 in
412 1237 525 1291 quod
564 1238 834 1291 conspirasse
871 1237 1131 1278 decemviros
1171 1235 1385 1278 criminati
1423 1236 1527 1290 sint,
1569 1238 1614 1276 at
1652 1249 1699 1276 se

135 1309 367 1349 provocare
394 1295 446 1336 ad
472 1297 691 1350 populum,
722 1296 953 1350 implorare
979 1296 1095 1351 leges
1123 1295 1173 1336 de
1199 1295 1504 1350 provocatione
1530 1296 1573 1336 et
1599 1308 1699 1336 con-

68 1364 109 1394 13
138 1354 300 1395 sulares
334 1356 377 1395 et
407 1355 674 1407 tribunicias,
707 1369 756 1395 eo
789 1355 883 1408 ipso
917 1369 1029 1396 anno
1061 1355 1185 1395 latas.
1246 1368 1370 1407 quem
1402 1353 1514 1394 enim
1545 1367 1702 1407 provo-

137 1415 350 1466 caturum,
390 1414 424 1453 si
456 1413 537 1454 hoc
569 1413 817 1454 indemnato
850 1413 1011 1454 indicta
1043 1427 1172 1454 causa
1202 1426 1289 1453 non
1319 1411 1472 1453 liceat?
1511 1411 1578 1453 cui
1608 1411 1698 1465 ple-

136 1471 232 1512 beio
266 1474 309 1513 et
340 1471 492 1512 humili
524 1471 785 1525 praesidium
817 1472 861 1512 in
893 1472 1059 1526 legibus
1092 1471 1195 1521 fore,
1228 1471 1264 1511 si
1291 1470 1370 1524 Ap.
1398 1468 1578 1511 Claudio
1610 1484 1698 1511 non

138 1529 224 1570 sit?
272 1544 316 1571 se
354 1531 608 1571 documento
647 1531 857 1584 futurum,
901 1534 1045 1571 utrum
1083 1530 1207 1570 novis
1252 1529 1421 1584 legibus
1462 1528 1698 1570 dominatio

139 1603 194 1629 an
233 1589 411 1630 libertas
451 1589 621 1630 firmata
659 1590 734 1643 sit,
773 1593 815 1630 et
852 1589 1085 1643 appellatio
1123 1588 1455 1642 provocatioque
1494 1586 1698 1628 adversus

137 1647 338 1688 iniuriam
379 1648 711 1702 magistratuum
750 1651 971 1689 ostentata
1007 1650 1178 1689 tantum
1215 1646 1413 1688 inanibus
1451 1646 1606 1687 litteris
1644 1660 1700 1687 an

136 1720 233 1747 vere
267 1706 368 1748 data
401 1707 466 1748 sit.

1005 1848 1059 1879 10.
1087 1844 1181 1878 bona
1200 1842 1381 1888 malaque]
1407 1841 1606 1878 Verdienst
1623 1841 1700 1876 und

138 1844 276 1878 einmal
315 1844 473 1889 Gotter'‚
514 1845 548 1880 d.
581 1846 615 1880 h.
649 1846 702 1881 sie
739 1846 883 1891 zeigten

956 1890 1106 1926 Schuld.

137 1890 217 1925 ihre
247 1891 384 1926 Macht.

185 1944 321 1990 venire]
342 1944 448 1980 Auch
463 1944 529 1979 wir
542 1956 671 1991 Sagen:
687 1945 746 1980 die
762 1945 882 1980 Strafe

138 1991 282 2025 kommt
308 2003 404 2026 zwar
430 1995 531 2037 spat,
558 1993 654 2028 doch
681 2020 688 2027 .
711 2020 718 2027 .
741 2020 747 2027 .

185 2053 216 2083 8.
256 2050 436 2095 obtrisset]
473 2067 516 2080 =
541 2052 758 2093 obtrivisset,
799 2050 883 2085 ‘mit

137 2094 469 2176 Fssgissn'getreten
500 2098 627 2132 habe'.
655 2118 698 2122 —
732 2097 878 2143 corpus]

188 2205 219 2235 9.
246 2201 441 2246 maiorum]
470 2202 533 2236 des
557 2200 782 2236 Grossvaters
808 2201 882 2235 und

140 2248 204 2282 des
226 2247 358 2282 Vaters
385 2249 472 2292 (vgl.
494 2260 537 2282 zu
558 2248 650 2292 Kap.
668 2253 724 2292 33,
742 2252 788 2292 3).
822 2247 882 2282 sie

139 2295 270 2330 hatten
302 2295 379 2329 sich
415 2295 466 2328 im
498 2295 632 2339 Kriege
664 2295 769 2330 nicht
799 2306 882 2329 aus-

140 2341 356 2386 gezeichnet
386 2341 461 2375 und
493 2341 640 2376 daheim
676 2343 782 2377 beide
814 2342 882 2376 mit

140 2389 210 2423 den
237 2389 426 2423 Tribunen
453 2388 566 2423 Streit
591 2390 740 2434 gehabt.

187 2447 364 2492 studium]
406 2447 636 2482 ‘Vorliebe'.
692 2447 740 2482 Er
779 2447 883 2481 hatte

141 2493 344 2538 allerdings
370 2494 441 2528 den
468 2497 612 2528 firmem
633 2495 706 2528 und
727 2493 882 2529 zahlrei-

142 2540 251 2574 chern
267 2539 349 2574 Teil
370 2541 435 2575 der
447 2540 556 2575 Plebs
575 2541 649 2585 (die
666 2541 882 2584 Schuldner)

141 2587 374 2632 begsinstigt,
402 2588 490 2622 aber
515 2600 600 2631 nur,
625 2600 688 2622 um
715 2589 785 2622 den
811 2588 882 2622 rei—

142 2634 234 2668 chen
269 2633 463 2679 Plebejern
501 2635 586 2678 (den
618 2635 881 2680 Kapitalisten)

142 2693 184 2714 zu
222 2680 386 2715 schaden
422 2681 498 2715 und
532 2692 572 2715 so
605 2681 671 2716 das
704 2680 884 2716 Patriziat

142 2739 186 2760 zu
212 2727 373 2762 starken.

142 2780 379 2859 33οοὲιεαῖατα
413 2780 559 2826 abisset]
595 2780 679 2826 Vgl.
713 2793 758 2815 zu
790 2781 883 2825 Kap.

1002 1942 1043 1973 ut
1068 1938 1184 1973 dicere
1209 1936 1331 1982 liceat]
1360 1935 1410 1969 Er
1433 1936 1576 1971 fordert
1600 1935 1697 1970 nach

956 1985 1076 2019 einem
1115 1984 1213 2019 allen
1245 1982 1411 2027 Bfirgern
1448 1981 1699 2016 zustehenden

953 2031 1085 2074 Recht‚
1106 2028 1182 2065 dass
1201 2041 1240 2064 er
1260 2029 1320 2064 die
1341 2029 1538 2070 Milde-des
1559 2028 1698 2063 Volkes

955 2079 1125 2113 anfiehen
1151 2077 1265 2111 dfirfe.
1306 2075 1363 2110 Da
1387 2076 1465 2110 ihm
1492 2075 1569 2110 dies
1595 2074 1698 2109 nicht

955 2125 1137 2170 gestattet
1149 2123 1209 2166 ist,
1218 2123 1416 2167 appelliert
1429 2133 1468 2157 er
1481 2133 1553 2157 von
1564 2131 1697 2156 neuem

955 2183 1002 2206 an
1028 2172 1087 2205 die
1113 2169 1313 2204 Tribunen.

1005 2223 1058 2252 11.
1084 2229 1129 2252 ‘ne
1142 2216 1345 2261 imitentur]
1366 2215 1418 2250 sie
1439 2215 1575 2250 sollten
1594 2215 1699 2250 nicht

955 2265 1071 2299 durch
1102 2264 1328 2307 Aufhebung
1361 2263 1426 2297 der
1456 2261 1698 2297 Intercession

956 2312 1026 2346 den
1054 2312 1271 2345 Dezemvirn
1297 2309 1542 2344 nachahmen.

1005 2363 1059 2393 12.
1097 2362 1130 2392 et
1160 2358 1368 2392 consulares
1398 2359 1431 2391 et
1460 2355 1696 2401 tribwnicias]

955 2405 1161 2440 rhetorisch
1182 2407 1275 2438 statt
1293 2407 1325 2438 et
1344 2403 1568 2438 consularem
1587 2402 1696 2447 (Kap.

955 2456 1012 2495 55,
1031 2453 1067 2497 4)
1088 2456 1120 2487 et
1139 2451 1387 2486 tribuniciam.
1425 2449 1501 2484 Das
1520 2449 1699 2484 Plebiscit

954 2499 992 2533 in
1012 2499 1105 2543 Kap.
1127 2501 1183 2539 55,
1202 2502 1246 2532 14
1272 2494 1380 2531 heisst.
1404 2496 1483 2531 also
1509 2495 1590 2530 hier
1615 2495 1696 2530 eine

955 2547 1012 2581 lex
1036 2546 1248 2581 tribunicia.

1005 2597 1058 2627 13.
1093 2591 1318 2636 indemnato]
1352 2589 1426 2624 Der
1455 2588 1597 2623 Tribun
1629 2589 1697 2622 hat

956 2641 1052 2674 noch
1095 2639 1181 2673 kein
1221 2636 1432 2673 Strafurteil
1467 2645 1588 2680 gegen
1630 2634 1696 2668 ihn

956 2685 1262 2731 ausgesprochen‚
1277 2683 1352 2718 und
1366 2693 1405 2717 er
1423 2682 1490 2716 hat
1503 2682 1582 2715 sich
1599 2681 1695 2716 noch

955 2733 1062 2767 nicht
1086 2733 1358 2766 verantworten
1383 2729 1542 2763 konnen.

1003 2780 1077 2823 Ap.
1105 2776 1276 2822 Claudio]
1308 2775 1413 2810 nicht
1441 2775 1531 2817 sibi,
1565 2785 1695 2820 wegen

957 2826 1021 2861 des
1035 2826 1279 2871 Gegensatzes
1299 2834 1342 2857 zu
1355 2822 1494 2867 plebeio
1507 2825 1539 2857 et
1551 2821 1693 2858 humili.
