1799 3105
671 87 816 123 LIBER
840 89 902 124 111.
955 89 1057 124 CAP.
1086 93 1142 125 50.
1647 89 1705 130 83

126 107 153 126 a.
175 99 241 126 Chr.
260 106 289 124 n.
308 99 370 124 449.

131 197 248 239 filiae
273 196 468 238 futurum
494 196 640 252 fuisse,
668 197 752 239 nisi
779 211 900 251 spem
928 197 1196 239 ulciscendae
1223 197 1376 239 mortis
1403 197 1493 239 eius
1519 197 1564 238 in
1591 198 1706 239 auxi-

130 257 190 298 lio
223 256 569 299 commilitonum
601 256 838 298 habuisset.
901 256 990 298 illis
1023 271 1192 312 quoque
1225 257 1340 298 enim
1371 256 1503 310 filias,
1536 272 1705 299 sorores

130 315 420 371 coniugesque
460 330 571 369 esse,
609 330 688 357 nec
720 330 816 357 cum
848 315 939 357 filia
970 331 1049 358 sua
1079 316 1304 358 libidinem
1336 315 1417 370 Ap.
1451 315 1604 358 Claudi
1637 330 1706 357 ex-

127 375 312 417 tinctam
351 389 462 429 esse,
508 375 581 416 sed
621 385 704 429 quo
744 375 1002 429 impunitior
1041 375 1113 429 sit,
1155 390 1204 417 eo
1247 375 1563 417 effrenatiorem
1602 375 1706 417 fore.

132 434 273 476 aliena
300 433 549 475 calamitate
576 434 880 475 documentum
907 434 1055 475 datum
1089 434 1176 476 illis
1209 434 1422 476 cavendae
1456 434 1609 475 similis
1642 435 1705 475 in—

126 493 273 535 iuriae.
326 493 440 548 quod
473 493 526 534 ad
560 507 604 534 se
638 493 835 547 attineat,
866 507 1044 534 uxorem
1077 494 1160 535 sibi
1193 493 1283 535 fato
1319 497 1526 548 ereptam,
1558 494 1707 549 filiam,

129 553 230 607 quia
260 566 348 593 non
382 552 497 593 ultra
508 551 684 635 pudica
718 552 884 592 victura.
920 552 1068 607 fuerit,
1108 553 1328 607 miseram,
1369 553 1441 594 sed
1479 553 1707 595 honestam

129 685 226 724 sua,
260 671 314 711 ab
348 670 435 711 alia
467 669 678 711 violentia
710 670 800 711 eius
834 670 984 712 eodem
1018 685 1063 712 se
1096 671 1241 712 animo
1277 686 1401 712 suum
1429 687 1582 726 corpus
1615 672 1706 714 vin-

129 703 388 782 dicaturum,
427 743 510 783 quo
550 729 834 771 vindicaverit
871 730 1005 784 filiae3
1048 730 1177 771 ceteri
1218 730 1303 771 sibi
1343 746 1391 772 ac
1430 731 1578 772 liberis
1619 731 1708 773 suis

129 789 412 830 consulerent.

246 846 367 889 Haec
386 846 597 902 Verginio
618 847 875 889 vociferanti
902 848 1197 890 succlamabat
1216 849 1462 903 multitudo,
1487 864 1565 890 nec
1591 850 1705 891 illius

131 906 270 949 dolori
301 920 381 948 nec
413 921 515 948 suae
548 907 741 948 libertati
775 921 819 948 se
852 907 1088 949 defuturos.
1137 911 1179 949 et
1204 908 1391 949 immixti
1417 909 1571 950 turbae
1598 908 1707 950 mili—

130 968 225 1007 tum
251 966 391 1021 togati
419 966 567 1007 eadem
594 966 671 1007 illa
697 966 914 1021 querendo
942 966 1237 1021 docendoque,
1272 970 1432 1022 quanto
1460 969 1552 1010 visa
1579 982 1708 1023 quam

133 1024 282 1067 audita
314 1024 562 1080 indigniora
593 1025 816 1079 potuerint
848 1026 1002 1080 videri,
1035 1027 1165 1068 simul
1199 1026 1477 1083 profligatam
1504 1028 1591 1069 iam
1616 1042 1708 1069 rem

128 1084 369 1126 nuntiando
400 1084 566 1126 Romae
607 1099 715 1136 esse,
756 1085 1046 1141 insecutique,
1084 1085 1158 1140 qui
1192 1086 1382 1140 Appium
1414 1102 1548 1141 prope
1580 1088 1708 1129 inter-

131 1145 323 1198 emptum
362 1143 408 1184 in
439 1143 613 1184 exilium
654 1144 796 1185 abisse
837 1144 1044 1199 dicerent,
1084 1145 1384 1201 perpulerunt,
1421 1149 1470 1187 ut
1501 1146 1554 1188 ad
1587 1161 1708 1188 arma

129 1202 475 1244 conclamaretur
516 1203 810 1258 vellerentque
852 1205 977 1258 signa
1017 1207 1060 1246 et
1097 1204 1282 1246 Romam
1323 1205 1707 1259 proficiscerentur.

129 1262 376 1316 decemviri,
409 1262 537 1303 simul
569 1263 642 1315 iis,
676 1277 785 1316 quae
817 1263 1038 1317 videbant,
1077 1264 1233 1318 iisque,
1273 1278 1381 1319 quae
1414 1268 1512 1306 acta
1544 1265 1707 1307 Romae

129 1321 372 1374 audierant,
406 1322 665 1375 perturbati,
699 1321 808 1363 alius
840 1322 885 1363 in
919 1323 1049 1364 aliam
1082 1325 1250 1377 partem
1285 1326 1528 1366 castrorum
1561 1325 1615 1366 ad
1649 1339 1709 1366 se-

128 1380 293 1422 dandos
320 1382 465 1422 motus
493 1380 751 1423 discurrunt.
800 1384 843 1423 et
874 1382 1032 1423 leniter
1064 1382 1297 1437 agentibus
1329 1397 1586 1438 responsum
1619 1399 1709 1426 non

128 1439 339 1494 redditur,
379 1440 610 1494 imperium
653 1440 687 1482 si
728 1441 824 1495 quis
863 1441 1100 1495 inhiberet,
1141 1445 1184 1482 et
1216 1442 1333 1484 viros
1367 1446 1410 1484 et
1441 1447 1630 1485 armatos
1665 1459 1711 1486 se

178 1547 210 1579 7.
243 1545 284 1579 i‘n
310 1545 468 1588 auxilio]
502 1543 541 1578 in
568 1544 731 1580 seltener
759 1544 882 1581 Weise

127 1604 172 1626 zu
206 1602 303 1637 spem
335 1592 520 1627 habuisset
556 1595 717 1636 gesetzt,
755 1592 882 1628 indem

128 1639 249 1674 dieses
284 1650 466 1684 synonym
498 1639 549 1674 ist
584 1638 655 1673 mit
687 1651 784 1685 spem
813 1651 881 1685 po-

127 1688 267 1722 suisset.
295 1685 396 1721 Curt.
417 1686 452 1728 3,
475 1690 543 1730 3,1
570 1688 713 1729 milites,
739 1688 781 1722 in
800 1689 883 1732 quis

130 1735 189 1779 (=
216 1734 363 1779 quibus)
387 1735 591 1778 plurimum
616 1735 769 1769 habebat
794 1737 880 1780 spei.

176 1781 241 1827 sit]
274 1780 316 1815 In
349 1781 414 1815 der
441 1779 571 1815 Oratio
604 1780 759 1826 obliqua
790 1783 883 1827 geht

127 1827 254 1863 Livius
288 1828 345 1863 oft
374 1839 450 1863 von
476 1828 542 1863 der
568 1829 676 1863 einen
703 1830 880 1874 Tempus—

127 1875 255 1910 klasse
282 1876 347 1910 des
373 1875 629 1920 Konjunktivs
661 1877 699 1910 in
732 1876 792 1912 die
820 1888 882 1911 an-

132 1923 219 1958 dere
246 1923 347 1957 fiber.

177 1973 210 2004 8.
238 1970 507 2017 documentmn]
537 1970 770 2006 ‘warnendes
796 1970 881 2006 Bei-

129 2016 242 2063 spiel,
269 2017 578 2061 Mahnzeichen’3
605 2017 666 2061 21,
695 2022 750 2062 19,
777 2022 832 2053 10.

175 2066 321 2100 victura
337 2065 468 2111 fuerit]
489 2066 545 2100 als
566 2065 765 2111 Folgesatz
790 2066 882 2101 kon-

129 2113 296 2155 struiert3
324 2113 438 2148 naml.
465 2113 499 2147 si
522 2113 625 2148 ultra
649 2114 808 2150 vixisset.

176 2163 208 2195 9.
235 2160 281 2195 ab
301 2161 380 2195 azia
399 2160 591 2206 violentia]
615 2160 649 2195 d.
665 2161 701 2196 11.
721 2172 789 2196 vor
810 2161 881 2196 den

130 2205 466 2252 Misshandlungen,
479 2207 620 2242 welche
635 2219 675 2243 er
689 2209 780 2244 fiber
791 2208 880 2243 Ver-

130 2254 256 2299 ginius
281 2254 496 2299 verbangen
522 2255 676 2290 konnte.

179 2305 235 2336 10.
266 2302 529 2348 succlamabat]
563 2301 625 2337 ein
651 2314 724 2337 von
749 2302 879 2338 Cicero

129 2348 206 2382 und
238 2347 352 2382 C‘asar
386 2349 464 2391 1116,
507 2360 581 2384 1011
612 2348 692 2385 Liv.
728 2349 784 2384 oft
815 2362 880 2395 ge-

130 2394 329 2430 brauchtes
351 2395 468 2439 Wort‚
494 2395 591 2430 auch
610 2396 644 2439 6,
666 2400 724 2440 40,
746 2401 790 2432 12
810 2397 881 2433 mit

132 2442 259 2486 Dativ,
288 2442 384 2477 &fter
410 2443 506 2478 ohne
533 2443 640 2478 einen
667 2445 830 2480 solchen.

176 2490 383 2536 defuturos]
413 2489 791 2535 ‘vernachlassigen'3
827 2491 880 2527 sie

129 2537 266 2572 wollen
284 2538 410 2572 seinen
426 2536 599 2572 Schmerz
618 2539 787 2573 r‘achen
806 2540 882 2573 und

129 2585 210 2619 ihre
237 2584 404 2620 Freiheit
433 2585 665 2621 schfitzen.

172 2633 364 2676 potuerint
404 2631 538 2678 videri]
580 2631 666 2667 ‘wie
705 2633 790 2666 sehr
827 2633 880 2667 sie

131 2679 230 2715 heim
243 2681 467 2715 Anschauen
485 2678 730 2724 emporender
750 2680 882 2714 hatten

133 2727 309 2762 scheinen
327 2727 477 2763 konnen
490 2727 546 2763 als
562 2727 661 2761 beim
675 2726 880 2762 Anhoren’.

132 2773 208 2809 Das
232 2775 337 2810 nicht
364 2786 458 2820 ganz
477 2775 638 2820 passend
659 2774 881 2810 scheinende

126 2822 318 2866 potuerint
337 2823 463 2858 wurde
483 2824 687 2867 zugesetzt,
711 2821 796 2856 weil
816 2822 882 2857 das

135 2867 304 2904 einfache
324 2870 404 2905 visa
423 2871 498 2905 sint
523 2869 618 2904 nach
645 2869 729 2904 dem
750 2880 881 2905 voran-

956 1546 1154 1592 gehenden
1185 1547 1266 1581 visa
1305 1547 1522 1582 vermieden
1559 1548 1709 1583 werden

956 1591 1099 1629 musste.
1150 1595 1257 1628 Auch
1287 1593 1380 1640 Kap.
1408 1599 1465 1638 34,
1493 1598 1513 1630 5
1541 1608 1574 1630 u.
1603 1600 1659 1640 36,
1688 1600 1709 1631 6

957 1640 1059 1676 steht
1082 1652 1185 1686 posse
1210 1640 1272 1676 bei
1297 1643 1427 1686 videri,
1453 1654 1510 1678 wo
1538 1654 1576 1678 es
1601 1643 1711 1678 nicht

955 1688 1064 1733 notig
1090 1688 1246 1724 scheint.

997 1737 1237 1782 profliyatam
1274 1737 1349 1771 iam
1385 1737 1475 1783 rem]
1517 1738 1600 1773 ‘das
1632 1738 1709 1773 Un-

955 1793 1080 1817 wesen
1124 1783 1177 1818 sei
1216 1784 1331 1818 sehon
1374 1786 1602 1828 vernichtet,
1649 1785 1709 1820 die

957 1830 1076 1865 Sache
1103 1831 1157 1865 sei
1183 1831 1463 1866 entschieden’:
1492 1832 1552 1876 21,
1578 1813 1636 1877 4⁷0,
1665 1837 1707 1867 11

956 1878 1087 1913 bellum
1112 1879 1350 1923 profligatum
1377 1860 1557 1923 conficere.

1005 1930 1059 1961 11.
1093 1925 1264 1971 insecuti]
1296 1925 1430 1971 Leute,
1462 1928 1604 1962 welche
1632 1928 1710 1962 erst

956 1973 1299 2065 6111186ΖΖ611κ111Ξ6611
1318 1974 1616 2067 {Serginiugougd
1636 1975 1708 2010 sei-

955 2032 1040 2055 nem
1097 2032 1167 2065 uge
1238 2032 1285 2066 ap
1438 2033 1462 2056 u
1634 2034 1708 2058 von

955 2067 1052 2102 Rom
1088 2069 1366 2112 aufgebrochen
1402 2070 1484 2104 sind
1520 2070 1595 2104 und
1629 2070 1708 2105 sich

955 2127 1021 2150 aus
1049 2116 1133 2150 dem
1154 2114 1449 2151 Verschwinden
1475 2118 1539 2152 des
1563 2117 1709 2162 Appius

955 2161 1132 2198 Claudius
1171 2162 1279 2208 (Kap
1316 2168 1380 2208 49,
1413 2168 1448 2207 5)
1494 2163 1554 2199 die
1593 2164 1708 2210 irrige

954 2210 1133 2255 Meinung
1158 2211 1329 2256 gebildet
1354 2192 1489 2255 h’aben,
1517 2223 1556 2247 er
1577 2212 1630 2248 sei
1649 2212 1708 2248 ins

953 2257 1039 2292 Exil
1065 2269 1276 2303 gegangen.

1000 2306 1169 2340 vellerent
1194 2306 1318 2352 siqua]
1346 2307 1472 2341 vellere
1496 2308 1605 2351 siqua
1631 2307 1706 2350 (die

954 2353 1199 2387 Feldzeichen
1234 2363 1300 2388 aus
1333 2354 1398 2388 der
1430 2354 1526 2389 Erde
1562 2351 1705 2397 reissen,

955 2399 1008 2434 sie
1028 2411 1113 2434 zum
1133 2399 1325 2435 Aufbruch
1347 2401 1525 2444 erheben)
1550 2401 1600 2436 ist
1618 2412 1705 2446 poe-

953 2446 1094 2482 tischer
1120 2448 1317 2482 Ausdruck
1356 2448 1482 2493 (Verg.
1510 2447 1643 2493 Georg.
1671 2452 1706 2490 4,

955 2497 1042 2536 1083
1085 2493 1176 2529 Aen.
1206 2499 1266 2538 11,
1296 2498 1370 2540 19);
1409 2495 1448 2529 in
1487 2496 1553 2530 der
1590 2495 1707 2529 Prosa

955 2541 1057 2575 steht
1082 2544 1186 2575 sonst
1210 2542 1249 2576 in
1275 2543 1340 2576 der
1368 2542 1610 2587 Verbindung
1636 2542 1708 2577 mit

953 2589 1063 2633 sigma
1105 2588 1172 2623 das
1209 2588 1472 2634 Kompositum
1512 2590 1707 2625 convellere

955 2636 1042 2679 (vgl.
1069 2634 1162 2679 Kap.
1191 2639 1223 2680 7,
1250 2638 1297 2682 3).

1005 2686 1059 2716 12.
1080 2683 1189 2717 simul
1210 2711 1217 2718 .
1235 2712 1264 2719 ..
1287 2684 1369 2729 que]
1391 2684 1525 2719 ebenso
1540 2683 1601 2729 44,
1615 2687 1704 2728 12,7

953 2730 1064 2764 simul
1083 2729 1271 2765 Romanos
1290 2742 1491 2776 regemque;
1522 2732 1578 2767 oft
1594 2732 1706 2767 simul

956 2805 963 2813 .
986 2804 992 2811 .
1015 2804 1022 2811 .
1050 2780 1083 2811 et
1107 2776 1216 2822 (Kap.
1244 2781 1300 2822 62,
1322 2780 1369 2823 6).

1001 2824 1193 2871 inhiberet]
1219 2824 1305 2870 Vgl.
1326 2836 1370 2860 zu
1389 2824 1482 2870 Kap.
1504 2829 1561 2871 38,
1581 2830 1599 2861 1
1626 2827 1705 2861 und

955 2881 1087 2917 wegen
1107 2872 1171 2907 des
1192 2871 1293 2908 Coni.
1315 2872 1512 2909 iterativus
1531 2886 1578 2909 zu
1598 2877 1653 2919 11,
1669 2877 1700 2908 2.

1371 2933 1416 2966 6*

1736 861 1780 892 10

1736 1098 1778 1129 11

1735 1276 1778 1307 12
