1799 3105
72 99 97 116 a.
118 90 183 116 chr.
203 99 231 116 n.
250 92 312 117 449.

622 81 767 116 LIBER
791 80 854 115 ΠΙ.
906 79 1006 116 CAP.
1034 84 1091 115 54.
1583 80 1636 122 89

73 190 217 230 odium
255 190 301 230 in
339 203 383 230 se
424 190 606 231 aliorum
646 203 722 231 suo
758 189 804 230 in
837 204 909 230 eos
943 189 1123 230 metiens
1163 187 1261 230 odio
1294 187 1430 229 ‘haud
1463 187 1638 242 ignaro'

71 248 212 303 inquit
244 247 464 290 ‘imminet
495 249 684 303 fortuna.

73 366 259 421 sanguis.

745 249 886 303 video,
929 248 1063 289 donec
1101 262 1221 288 arma
1258 246 1514 288 adversariis
1552 249 1638 287 tra·
1665 256 1688 287 4

73 307 251 361 dantur,
293 307 455 349 differri
494 308 696 349 adversus
736 322 815 349 nos
857 309 1085 349 certamen.

1148 306 1311 348 dandus
1349 306 1536 347 invidiae
1575 309 1640 347 est

320 366 427 407 nihil
462 381 515 407 ne
549 381 628 421 ego
662 366 834 421 quidem
865 381 1028 420 moror,
1061 380 1144 420 quo
1177 366 1319 406 minus
1353 365 1641 406 decemviratu

74 424 253 466 abeam.⁹
292 425 455 467 factum
483 428 657 467 senatus
685 426 941 479 consultum,
973 428 1021 466 ut
1048 425 1275 466 decemviri
1305 438 1348 465 se
1375 424 1514 479 primo
1541 438 1641 478 quo·
1668 433 1689 464 5

74 498 154 539 que
174 486 367 539 tempore
388 484 647 540 magistratu
673 485 933 534 abdicarent,
962 483 1007 532 Q.
1029 484 1181 525 Furius
1208 483 1405 538 pontifex
1429 484 1641 525 maximus

73 543 268 585 tribunos
301 544 439 597 plebis
473 546 648 597 crearet,
681 546 723 584 et
749 558 803 585 ne
831 543 897 584 cui
923 543 1065 584 fraudi
1097 546 1210 584 esset
1243 543 1426 584 secessio
1453 542 1643 583 militum

72 602 311 657 plebisque.
348 602 417 644 his
445 605 620 643 senatus
647 602 855 644 consultis
882 601 1084 656 perfectis
1106 602 1281 643 dimisso
1304 605 1458 643 senatu
1479 601 1643 642 decem-
1670 612 1691 643 6

72 661 154 702 viri
185 661 400 715 prodeunt
431 661 478 702 in
509 661 753 703 contionem
786 661 1073 715 abdicantque
1107 675 1152 702 se
1183 661 1443 715 magistratu
1475 660 1645 715 ingenti

72 720 296 761 hominum
327 720 507 761 laetitia.

192 777 462 820 Nuntiantur
487 779 593 820 haec
618 779 747 833 plebi.
791 779 960 834 legatos
988 778 1194 833 quidquid
1220 778 1264 819 in
1290 779 1395 819 urbe
1420 778 1644 819 hominum
1672 791 1691 822 7

75 840 297 892 supererat
339 838 626 893 prosequitur.
687 838 787 879 huic
832 838 1101 879 multitudini
1145 839 1260 879 laeta
1306 838 1390 878 alia
1427 837 1557 879 turba
1595 852 1646 878 ex

73 897 227 939 castris
260 897 457 939 occurrit.
503 897 858 952 congratulantur
889 897 1136 938 libertatem
1164 897 1520 950 concordiamque
1548 896 1646 938 civi-

73 956 156 998 tati
193 956 454 998 restitutam.

515 956 649 1011 legati
686 971 764 1010 pro
804 957 1021 998 contione:
1063 955 1191 1011 ‘quod
1234 956 1416 1010 bonum,
1456 955 1646 997 faustum
1673 968 1694 999 8

72 1015 261 1070 felixque
295 1015 353 1056 sit
384 1015 508 1057 vobis
540 1016 687 1070 reique
718 1015 933 1069 publicae,
964 1015 1100 1057 redite
1132 1016 1177 1056 in
1208 1015 1397 1070 patriam
1429 1014 1483 1056 ad
1515 1029 1647 1069 pena-

73 1077 158 1128 tes,
190 1074 395 1130 coniuges
428 1074 672 1129 liberosque
698 1077 878 1116 vestros.
921 1075 1011 1128 sed,
1045 1090 1130 1130 qua
1154 1074 1225 1116 hic
1251 1074 1463 1116 modestia
1487 1073 1645 1126 fuistis,

73 1133 148 1175 ubi
173 1133 334 1175 nullius
362 1147 463 1188 ager
488 1134 534 1174 in
560 1136 628 1174 tot
652 1148 798 1175 rerum
824 1149 903 1175 usu
924 1134 1168 1175 necessario
1195 1136 1345 1175 tantae
1373 1133 1644 1174 multitudini

74 1195 141 1234 est
177 1192 384 1246 violatus,
426 1207 520 1234 eam
558 1192 816 1234 modestiam
853 1193 960 1234 ferte
998 1194 1044 1234 in
1082 1193 1242 1234 urbem.

736 1252 798 1293 ibi
835 1252 950 1294 felici
987 1253 1099 1306 loco,
1137 1252 1212 1293 ubi
1249 1253 1389 1306 prima
1427 1251 1551 1292 initia
1582 1251 1642 1291 in·
1670 1264 1690 1295 9

74 1311 261 1353 choastis
306 1311 522 1352 libertatis
566 1314 752 1364 vestrae,
796 1311 996 1353 tribunos
1038 1311 1154 1365 plebi
1193 1311 1407 1352 creabitis.

75 1371 155 1411 erit
186 1369 381 1423 pontifex
410 1369 642 1422 maximus,
682 1371 755 1425 qui
794 1370 969 1412 comitia
999 1369 1187 1412 habeat.⁹

74 1428 361 1483 alacritasque
392 1431 548 1471 cuncta
579 1429 914 1483 adprobantium
945 1429 1041 1471 fuit.

72 1488 339 1543 profectique
377 1487 561 1529 Romam
603 1490 772 1529 certant
816 1504 912 1530 cum
957 1489 1097 1530 obviis
1142 1488 1312 1544 gaudio.

73 1253 150 1306 ite,
188 1251 299 1293 unde
337 1251 519 1305 profecti
558 1252 673 1293 estis.

1304 1193 1347 1234 in
1380 1192 1643 1234 Aventinum

1469 1313 1642 1364 praesto

1103 1429 1353 1471 convellunt
1383 1429 1482 1470 inde
1516 1428 1643 1483 signa

1375 1488 1531 1530 armati
1569 1502 1645 1542 per

75 1548 226 1589 urbem
259 1547 434 1589 silentio
466 1547 511 1588 in
543 1547 807 1588 Aventinum
839 1548 1108 1602 perveniunt.

194 1606 262 1648 Ibi
295 1607 510 1661 extemplo
542 1606 746 1660 pontifice
784 1607 975 1648 maximo
1016 1607 1192 1649 comitia
1229 1607 1418 1649 habente
1449 1606 1647 1648 tribunos
1677 1618 1720 1649 11

76 1666 217 1719 plebis
251 1668 526 1720 creaverunt,
559 1666 751 1707 omnium
782 1666 972 1720 primum
1003 1665 1050 1707 L.
1070 1666 1344 1721 Verginium,
1376 1666 1473 1707 inde
1501 1665 1550 1706 L.
1568 1665 1648 1707 Ici-

76 1724 184 1766 lium
205 1728 247 1766 et
265 1724 310 1766 P.
330 1724 638 1778 Numitorium,
664 1725 924 1766 avunculum
943 1724 1137 1780 Vergini,
1159 1727 1354 1766 auctores
1383 1724 1650 1779 secessionis,

78 1785 171 1825 tum
199 1782 243 1825 C.
264 1782 485 1837 Sicinium,
517 1783 769 1838 progeniem
796 1784 899 1838 eius,
932 1798 1058 1838 quem
1090 1784 1277 1838 primum
1309 1784 1532 1826 tribunum
1563 1783 1650 1838 ple·
1678 1795 1722 1827 12

77 1920 144 1946 suo
169 1912 210 1946 in
236 1922 292 1946 eos
318 1912 411 1946 odio.
462 1910 550 1946 Man
575 1911 735 1946 beachte
761 1911 832 1947 den

80 1957 286 1993 Chiasmus.

126 2009 159 2040 4.
197 2005 326 2052 donee]
362 2017 445 2040 nur
475 2005 545 2041 bis.
580 2026 623 2031 —-
661 2006 757 2041 nihil
788 2017 832 2041 ne

79 2063 142 2098 090
161 2054 305 2098 quidem
323 2053 460 2146 moror?
484 2070 527 2082 =
548 2064 592 2088 ne
613 2064 673 2099 090
687 2054 832 2098 quidem

80 2101 275 2145 quicquam
293 2111 413 2136 moror
456 2101 622 2136 ‘straube
642 2101 743 2136 mich
764 2101 829 2135 da-

81 2148 244 2192 gegen’).

128 2199 160 2230 5.
185 2196 306 2239 primo
326 2206 464 2240 quoque
482 2195 650 2241 tempore]
680 2195 831 2230 ‘sobald

83 2241 138 2276 als
159 2242 336 2286 moglich‚
355 2242 391 2287 je
406 2244 496 2277 eher
513 2243 552 2288 je
571 2243 719 2286 lieber’,
746 2243 831 2278 sehr

84 2289 140 2324 oft
164 2288 227 2324 bei
252 2289 393 2333 Livius,
419 2306 464 2318 =
490 2302 599 2334 quam
618 2291 793 2335 primum.

129 2339 162 2371 et
185 2336 248 2381 ne]
275 2353 319 2365 =
345 2347 410 2371 nee
432 2335 527 2382 Kap.
555 2341 612 2381 52,
640 2341 695 2372 11.

131 2387 163 2418 6.
197 2383 386 2428 consultis]
420 2383 495 2417 Der
518 2385 556 2418 in
583 2388 602 2426 ξ
630 2387 650 2419 5
676 2382 830 2429 gefasste

85 2428 406 2465 Senatsbeschluss
424 2431 492 2465 hat
511 2431 590 2465 drei
608 2430 723 2475 Teile,
743 2432 829 2467 wel-

85 2477 153 2512 che
164 2477 261 2512 auch
275 2478 331 2512 als
346 2476 426 2511 (1101
440 2477 603 2513 einzelne
613 2478 831 2514 Beschll'isse

81 2525 294 2570 angesehen
320 2524 468 2559 werden
493 2525 655 2560 konnen.

132 2576 164 2607 7.
190 2572 388 2618 quidquid]
415 2571 500 2616 Vgl.
528 2584 573 2606 zu
598 2572 693 2617 Kap.
722 2576 777 2617 17,
798 2576 830 2608 5.

131 2622 163 2655 8.
172 2630 244 2664 pro
255 2618 438 2665 contione]
448 2618 615 2665 Erg'anze
625 2634 633 2654 ε
645 2620 831 2663 diruerunt,

85 2667 284 2712 ‘sprachen
316 2677 395 2702 vor
427 2667 512 2701 dem
542 2667 831 2701 versammelten

82 2713 242 2757 Volke’3
275 2724 348 2759 pro
374 2713 480 2749 lokal
505 2714 729 2759 gebraucht,
760 2713 831 2748 wie

83 2761 177 2806 Kap.
207 2765 263 2804 19,
289 2765 323 2796 4.

132 2809 227 2852 quod
247 2809 381 2844 bonum
401 2838 408 2845 .
427 2837 433 2844 .
450 2836 457 2844 .
478 2808 540 2854 sit]
567 2808 653 2853 Vgl.
675 2820 719 2842 zu
737 2808 831 2853 Kap.

84 2858 142 2899 34,
162 2859 194 2891 2.

952 1913 994 1946 in
1013 1915 1065 1947 tot
1084 1913 1168 1956 eta]
1199 1912 1309 1946 ‘trotz
1335 1912 1399 1946 des
1426 1912 1484 1946 fiir
1504 1911 1586 1946 eine
1612 1923 1651 1946 so

905 1957 1023 2004 grosse
1049 1959 1183 2004 Menge
1208 1959 1474 2004 notwendigen
1499 1959 1652 1994 Bedfirf-

903 2006 1020 2041 nisses
1046 2018 1086 2041 so
1113 2006 1230 2041 vieler
1256 2006 1429 2042 Sachen'.

951 2053 1057 2099 ferte]
1082 2054 1236 2089 nehmet
1260 2054 1346 2098 mit,
1373 2055 1508 2098 afferte.

953 2105 984 2136 9.
1012 2101 1156 2147 prima]
1187 2100 1444 2146 pleonastisch
1472 2113 1514 2136 zu
1540 2102 1653 2136 initia

903 2148 1158 2193 hinzugeffigt.
1198 2148 1268 2183 Die
1289 2148 1429 2184 Phrase
1454 2149 1569 2183 initia
1594 2150 1652 2183 ivn-
1669 2173 1680 2187 ,

904 2196 1031 2231 ehoare
1071 2195 1164 2231 ‘den
1200 2195 1329 2231 Grund
1366 2196 1497 2241 legen’
1537 2196 1654 2231 findet

904 2232 984 2278 sicli
1011 2243 1107 2277 auch
1132 2243 1192 2286 39,
1220 2247 1278 2287 23,
1304 2247 1336 2278 5.

954 2294 1007 2326 10.
1036 2291 1254 2335 convellunt]
1281 2291 1366 2335 Vgl.
1388 2303 1433 2325 zu
1451 2290 1546 2335 Kap.
1569 2294 1601 2333 7,
1619 2294 1651 2325 3.

951 2337 1111 2383 silentio]
1139 2337 1223 2373 Abl.
1250 2338 1369 2381 modi3
1398 2339 1532 2373 ebenso
1559 2338 1653 2382 Kap.

905 2388 960 2428 72,
990 2389 1027 2426 13
1061 2385 1157 2419 auch
1189 2396 1269 2420 cum
1295 2386 1438 2420 silentio
1465 2385 1513 2430 (7,
1535 2389 1591 2427 35,
1615 2388 1652 2427 13

904 2431 965 2475 25,
992 2436 1024 2475 9,
1053 2434 1124 2476 15).

954 2483 1008 2514 11.
1037 2479 1276 2525 avunculum]
1304 2478 1410 2513 Nach
1436 2478 1530 2523 Kap.
1557 2482 1614 2521 45,
1631 2482 1654 2512 4

906 2526 1082 2560 erwartet
1107 2537 1194 2560 man
1219 2537 1389 2560 socerum.
1435 2525 1562 2561 Livius
1587 2526 1655 2560 hat

906 2573 986 2607 sich
1011 2573 1090 2608 also
1116 2572 1199 2607 hier
1224 2573 1352 2618 geirrt.

955 2623 1009 2654 12.
1061 2620 1287 2665 proyem'em]
1345 2619 1525 2654 zuweilen
1580 2630 1654 2654 von

906 2666 1050 2701 01110111
1095 2666 1379 2702 Nachkommen
1429 2667 1652 2711 gebraucht:

905 2714 941 2757 9,
967 2717 1024 2756 34,
1052 2717 1083 2748 1.

948 2762 1113 2805 primum
1139 2761 1327 2795 tribunum
1347 2761 1482 2807 plebis]
1513 2761 1592 2806 Vgl.
1619 2761 1654 2805 2,

908 2812 964 2851 33,
992 2811 1012 2842 2
1040 2809 1095 2843 ita
1118 2808 1263 2842 tribuni
1289 2808 1408 2852 plebei
1432 2809 1545 2843 creati
1569 2810 1655 2852 duo,

909 2854 946 2889 G.
974 2854 1148 2891 Licinius
1176 2858 1208 2891 et
1233 2855 1278 2889 L.
1306 2855 1478 2891 Albinus.
1521 2856 1560 2891 hi
1584 2852 1656 2891 εἴτε

1249 1371 1404 1425 ingens
1438 1370 1642 1411 adsensus
1672 1382 1716 1413 10
