1799 3105
117 75 142 95 a.
163 68 232 95 chr.
252 69 314 95 495.
638 57 785 92 LIBER
809 58 854 94 II.
905 56 1008 92 CAP.
1035 61 1079 92 23
1118 61 1164 92 24
1631 57 1684 99 57

117 171 225 221 ipsos
263 170 358 208 satis
397 168 666 208 conveniebat.
728 169 897 219 Appius,
934 168 1179 207 vehementis
1217 168 1367 218 ingenii
1404 168 1482 219 vir,
1520 169 1687 219 imperio

119 227 318 268 consulari
349 239 434 266 rem
466 228 656 279 agendam
687 226 890 266 censebat:
923 239 1002 266 uno
1035 233 1103 266 aut
1134 227 1257 266 altero
1290 226 1454 278 adrepto
1482 229 1688 278 quieturos

117 287 231 340 ali033
274 286 482 338 Servilius,
525 286 680 326 lenibus
722 286 909 325 remediis
942 288 1087 338 aptior,
1131 287 1348 326 concitatos
1390 288 1542 325 animos
1582 287 1690 326 flecti

118 358 235 397 quam
267 345 396 396 frangi
426 345 590 397 putabat
622 358 713 384 cum
745 346 871 384 tutius
904 352 989 384 tum
1021 345 1175 384 facilius
1209 358 1307 384 esse.

235 404 343 444 Inter
374 405 470 444 11300
501 406 627 443 1113101·
659 404 758 443 alius
790 410 938 442 terror:
970 404 1100 443 Latini
1132 406 1286 456 equites
1319 416 1409 443 eum
1445 404 1689 443 tumultuoso
1711 414 1719 426 ·

117 463 298 503 advolant
330 465 486 515 nuntio,
524 463 686 502 Volscos
730 463 874 501 infesto
913 465 1090 502 exercitu
1129 465 1174 502 ad
1215 463 1355 502 urbem
1387 464 1691 514 oppugnandam

115 524 262 562 venire.
302 534 401 574 quae
428 522 560 561 audita
584 544 633 548 —
657 522 754 560 adeo
778 522 876 560 duas
896 534 943 560 ex
964 534 1042 561 una
1068 523 1225 561 civitate
1247 522 1444 561 discordia
1465 523 1614 562 fecerat
1634 545 1689 550 —-

116 581 230 633 longe
270 581 383 620 aliter
420 586 554 632 patres
593 593 636 619 30
675 580 831 631 plebem
869 581 1062 620 adfecere.
1119 581 1316 620 exsultare
1359 582 1501 632 gaudio
1542 582 1690 634 plebes,

116 640 267 679 ultores
305 640 514 691 superbiae
552 646 711 691 patrum
749 640 886 678 adesse
926 640 1058 679 dicere
1098 640 1212 692 deos3
1253 640 1353 679 alius
1392 641 1511 679 alium
1550 642 1691 680 confir-

116 711 241 751 mare,
267 711 316 738 ne
343 700 502 738 nomina
528 699 684 738 darent:
712 711 802 737 cum
829 699 1012 738 omnibus
1039 701 1171 750 potius
1198 712 1317 751 quam
1343 699 1446 738 solos
1472 702 1693 753 perituros,

115 764 249 809 patres
281 758 513 810 militarent,
551 764 684 809 patres
717 771 824 797 arma
857 765 1060 810 caperent,
1094 765 1138 797 ut
1169 771 1292 810 penes
1325 759 1483 797 eosdem
1516 760 1692 809 pericula

116 817 225 870 belli,
262 829 386 868 penes
425 830 524 868 quos
562 819 737 868 praemia
775 824 918 856 essent.
977 824 1015 856 at
1053 830 1146 856 vero
1186 819 1313 869 curia,
1350 823 1499 856 maesta
1538 831 1580 857 30
1615 825 1691 857 tre-

113 876 205 927 pida
237 878 400 928 ancipiti
430 882 540 915 metu
572 883 611 915 et
643 876 690 915 ab
723 878 807 915 cive
835 882 872 915 et
901 877 947 915 ab
974 877 1105 928 hoste,
1140 876 1351 916 Servilium
1379 877 1594 930 consulem,
1627 879 1692 916 cui

114 937 319 987 ingenium
349 937 474 986 magis
506 935 695 987 populare
730 942 830 988 erat,
870 948 1001 988 orare,
1040 942 1085 975 ut
1117 938 1237 975 tantis
1270 938 1582 975 circumventam
1614 943 1691 975 ter-

114 994 274 1034 roribus
307 995 512 1046 expediret
544 1007 628 1033 rem
660 994 870 1046 publicam.
921 1001 1006 1034 tum
1039 995 1178 1034 consul
1203 997 1326 1034 misso
1359 1001 1499 1034 senatu
1531 997 1572 1034 in
1599 1008 1690 1035 con-

114 1055 264 1092 tionem
289 1054 432 1105 prodit.
478 1054 533 1092 ibi
559 1066 677 1093 curae
706 1066 792 1093 esse
819 1054 1000 1105 patribus
1027 1055 1218 1107 ostendit,
1245 1061 1289 1093 ut
1316 1054 1547 1094 consulatur
1567 1055 1691 1107 plebi3

116 1119 295 1152 ceterum
327 1113 603 1152 deliberationi
635 1113 682 1151 de
709 1115 877 1152 maxima
904 1114 1065 1165 quidem
1090 1114 1172 1166 illa,
1207 1114 1276 1152 sed
1302 1120 1434 1152 tamen
1460 1120 1571 1164 parte
1599 1116 1692 1153 civi-

163 1177 226 1216 24.
256 1184 285 1214 1.
312 1183 438 1214 terror.
478 1179 619 1224 Ellipse
647 1179 712 1214 des
739 1179 866 1214 Pradi-
939 1180 1194 1223 Landstriche,
1222 1191 1295 1215 von
1320 1180 1435 1215 deren
1459 1180 1599 1215 Genuss
1632 1180 1694 1216 die

116 1228 194 1261 eats
231 1238 294 1260 zur
336 1226 633 1271 Hervorhebung
670 1226 733 1261 des
772 1226 866 1261 Sub·
938 1227 1049 1262 Plebs
1076 1227 1386 1271 ausgeschlossen
1411 1238 1499 1261 war.

115 1272 449 1318 stautiv-Begriffs.
494 1273 530 1308 S.
558 1286 603 1308 zu
632 1279 662 1316 1,
688 1278 746 1317 41,
774 1278 792 1308 1
823 1295 866 1300 -

114 1320 238 1355 Ueber
251 1320 324 1355 den
336 1320 420 1356 Abl.
436 1322 595 1356 exercitu
612 1333 638 1355 s.
653 1333 698 1355 zu
713 1325 745 1363 1,
762 1326 816 1365 14,
834 1326 865 1356 7.
1273 1326 1281 1333 ⁶
1311 1327 1318 1333 '
1346 1308 1452 1332 orare
1471 1298 1693 1333 bezelehness

988 1302 1019 1333 3.
1048 1301 1087 1332 at
1112 1308 1193 1332 vero
1218 1309 1245 1333 0.

940 1345 1010 1380 (1011
1022 1345 1211 1380 3131113100
1226 1344 1306 1391 Geg
1309 1348 1435 1380 ensatz
1449 1358 1504 1389 zu,
1521 1345 1612 1380 oder
1626 1346 1692 1381 das

163 1371 196 1402 2.
222 1368 344 1403 Ueber
369 1368 503 1403 ultores
529 1381 557 1403 s.
584 1381 628 1403 zu
647 1379 676 1403 0.
702 1373 757 1411 11,
778 1373 800 1403 4
821 1389 864 1394 -

115 1425 196 1450 cum
227 1416 413 1458 omnibus,
449 1415 521 1450 mit
553 1415 626 1450 den
657 1415 867 1451 Patriziern

114 1473 337 1498 zusammen.
369 1483 416 1488 —
441 1473 522 1498 eum
554 1474 582 1498 0.
609 1464 733 1508 potius
755 1464 865 1507 perit.

117 1509 187 1544 ‘sie
224 1513 340 1555 zbgen
372 1521 410 1545 es
441 1521 507 1545 vor
550 1510 621 1545 mit
651 1510 775 1553 Allen,
811 1511 865 1546 als

115 1556 231 1591 allein
256 1569 300 1591 zu
328 1556 388 1592 Gr.
415 1569 459 1592 zu
484 1558 641 1603 gehen',
668 1570 694 1592 s.
723 1562 780 1602 34,
808 1562 864 1602 11,

116 1608 136 1639 8
156 1615 237 1639 cum
256 1606 380 1639 ceteris
396 1606 521 1649 potius
540 1605 736 1650 Hispanis,
756 1617 865 1650 qaam

115 1652 208 1686 solos
236 1652 421 1695 perituros
457 1662 538 1687 esse.
565 1673 608 1678 —
635 1663 749 1696 penes
784 1653 862 1687 bez.

115 1698 350 1742 gewsshnlich
370 1699 430 1734 1110
443 1699 465 1733 J
467 1700 664 1734 emandem
677 1700 769 1734 fiber
782 1700 864 1734 eine

117 1745 236 1780 Saehe
267 1745 564 1781 innewohnende
598 1745 764 1788 Gewalt,
795 1747 864 1781 sel-

115 1794 221 1828 tener
240 1792 313 1827 den
332 1796 506 1828 ausseren
526 1793 667 1836 Besitz,
688 1793 758 1828 wie
771 1794 864 1838 hier,

115 1851 142 1875 s.
175 1852 220 1874 zu
254 1844 286 1884 1,
312 1844 368 1883 57,
403 1844 457 1883 10,
502 1841 591 1876 oder
634 1841 717 1876 eine
760 1840 864 1876 inne-

115 1887 320 1922 wohnende
355 1887 616 1932 Eigensehaft,
649 1892 706 1931 28,
738 1892 794 1931 27,
824 1893 864 1923 11

115 1945 230 1969 eausa
255 1938 362 1979 atque
385 1936 487 1980 oriyo
511 1936 652 1978 furoris
673 1946 784 1980 penes
802 1947 867 1970 au-

115 1985 228 2016 ctores
253 1986 322 2024 est;
348 1982 404 2017 oft
429 1983 539 2026 eulpa
564 1987 614 2017 est
636 1994 673 2028 p.
700 1984 805 2027 aliq:
834 1988 866 2026 4,

117 2033 173 2072 53,
200 2032 232 2064 5.
260 2033 292 2072 5,
319 2033 377 2072 36,
406 2033 460 2066 10.
495 2034 550 2074 22,
577 2034 634 2073 44,
662 2035 692 2066 6.
726 2034 784 2072 35,
810 2034 867 2075 33,

116 2080 149 2112 3.
176 2080 233 2120 45,
263 2081 318 2120 10,
349 2080 402 2111 10.
428 2078 545 2112 noxia
570 2081 604 2120 3,
629 2082 685 2120 42,
714 2082 744 2112 2.
774 2081 806 2121 9,
836 2083 867 2120 1,

117 2127 137 2158 6
169 2135 214 2159 ne
248 2124 338 2169 quid
363 2135 407 2158 ea·
432 2125 646 2168 contaqione
670 2135 790 2160 ‘noxae
816 2137 869 2160 re-

115 2175 276 2206 maneret
298 2182 406 2215 penes
430 2182 507 2207 nos.
553 2172 639 2207 Tae.
661 2183 747 2207 ann.
769 2176 802 2217 1,
822 2177 868 2207 44

110 2229 222 2262 penes
262 2219 399 2253 eosdem
436 2219 591 2254 saevitia
621 2220 714 2262 facti
745 2223 777 2254 et
812 2221 868 2254 in-

115 2265 219 2300 vidia
244 2269 332 2301 erat.
360 2287 404 2291 -
424 2267 579 2310 pericul.
614 2296 621 2302 .
643 2294 651 2301 .
681 2268 865 2311 praemia,

116 2312 193 2356 vgl.
226 2316 282 2355 30,
309 2316 366 2356 32,
394 2317 414 2347 2
449 2314 568 2348 orbem
598 2317 782 2349 terrarum
812 2315 865 2349 vi-

118 2360 253 2394 ctoriae
270 2361 480 2403 praemium
503 2361 602 2405 fore,
626 2372 702 2405 par
723 2362 866 2405 perieu-

117 2406 193 2440 lum
202 2407 380 2450 praemio.
401 2427 445 2432 —
464 2409 669 2451 praemium
687 2408 867 2443 zuweilen

117 2452 193 2488 fast
213 2470 257 2482 =
277 2454 440 2498 praeda:
466 2458 524 2497 36,
546 2459 602 2496 17,
625 2459 666 2489 13
694 2456 735 2489 in
754 2466 865 2499 prae·

116 2501 399 2536 mimnvestrum
418 2511 572 2537 cessura.
599 2506 656 2545 44,
678 2506 735 2545 24,
755 2506 787 2536 5.
809 2506 867 2545 29,

118 2551 174 2591 24,
197 2552 251 2582 11.
274 2552 331 2592 37,
353 2551 410 2592 54,
437 2552 498 2591 133
526 2549 621 2583 311011
640 2549 711 2583 mit
725 2550 868 2593 praeda

117 2595 350 2630 verbunden:
363 2599 420 2639 31,
436 2599 491 2637 28,
507 2599 527 2630 6
536 2596 700 2639 praedae
710 2607 753 2630 ac
760 2607 869 2640 prae-

116 2643 190 2677 mio
206 2653 288 2678 esse.
315 2642 488 2678 Gemeint
501 2643 552 2677 ist
565 2642 624 2677 die
638 2640 868 2688 bewegliehe

117 2689 377 2735 Kriegsbeute,
392 2690 504 2725 deren
516 2690 670 2724 Antheil
682 2690 747 2725 der
760 2690 870 2725 Plebs

117 2736 224 2771 nicht.
237 2737 357 2772 0011011
368 2737 625 2772 verkiimmert
637 2737 775 2780 wurde,
797 2749 824 2773 s,
840 2748 868 2772 0.

119 2787 176 2827 42,
211 2788 242 2826 1,
267 2784 344 2818 und
370 2784 430 2819 die
455 2797 499 2819 zu
527 2784 868 2819 Staatslandereien

118 2832 220 2875 (aye-r
235 2832 424 2876 publicus)
438 2832 660 2877 gemachten
673 2832 867 2867 eroberten

940 1392 1165 1437 Gegentheil
1189 1403 1261 1427 von
1288 1394 1452 1428 exultare
1476 1393 1594 1437 plebes
1619 1395 1690 1428 010.

944 1440 1049 1475 ‘aber
1073 1440 1126 1474 im
1153 1439 1408 1485 Gegentheil'.
1459 1444 1499 1475 at
1522 1451 1605 1476 vero
1630 1440 1692 1475 bei

939 1487 979 1522 L.
1007 1483 1071 1522 ἅττ.
1094 1485 1160 1531 εἰρ.
1188 1487 1275 1531 (Cic.
1298 1487 1438 1532 5sters).
1459 1509 1503 1513 -
1524 1491 1619 1522 meta
1646 1488 1691 1523 ab

939 1545 967 1570 0.
1000 1545 1074 1569 von
1101 1534 1248 1570 Seiten.
1285 1546 1358 1570 von
1390 1535 1463 1570 den
1488 1535 1527 1570 B.
1554 1536 1621 1570 her
1646 1552 1692 1564 =

941 1582 1036 1617 ‘vor'
1060 1581 1130 1617 den
1151 1582 1190 1617 B.
1218 1572 1388 1628 [Beisp.
1377 1594 1430 1617 un
1449 1582 1563 1628 Anh.]
1585 1582 1690 1626 (Sall.

936 1629 973 1664 h.
996 1633 1027 1672 1,
1048 1633 1067 1662 9
1088 1633 1202 1664 metus
1228 1642 1251 1664 a
1273 1630 1511 1675 Tarquinio),
1539 1634 1571 1673 6,
1595 1634 1649 1673 10,
1671 1633 1693 1665 8

937 1680 1054 1711 terror
1073 1688 1096 1711 a
1122 1676 1270 1711 Volscis.
1298 1681 1331 1720 2,
1360 1681 1415 1720 16,
1443 1682 1462 1712 2
1485 1678 1692 1722 periculum

938 1724 983 1758 ab
998 1723 1166 1758 Tusculo.
1183 1723 1230 1759 So
1246 1724 1340 1759 auch
1354 1728 1505 1759 metuere
1513 1725 1558 1760 ab
1568 1728 1691 1768 23,36,

940 1776 970 1805 1.
1006 1770 1094 1815 (Cic.
1128 1770 1218 1806 Sull.
1252 1775 1314 1815 20,
1348 1775 1392 1806 59
1425 1784 1448 1806 a
1473 1782 1542 1817 quo
1566 1783 1694 1817 ywere

937 1829 999 1862 090
1042 1829 1232 1862 nunquam
1269 1818 1378 1853 timui
1406 1831 1442 1854 u.
1477 1821 1523 1863 ὃ.)
1558 1839 1602 1844 -
1636 1820 1692 1854 in-

939 1876 1017 1909 qen.
1037 1867 1155 1910 mayis
1168 1876 1257 1909 pop.
1281 1865 1362 1900 ‘der
1380 1866 1487 1900 mehr
1507 1866 1566 1900 die
1588 1865 1693 1901 Gabe

941 1913 1084 1956 besass,
1112 1912 1179 1947 das
1199 1912 1298 1947 Volk
1317 1925 1362 1947 zu
1387 1913 1614 1958 gewinnen’,
1641 1925 1690 1949 se.

940 1959 995 1994 als
1016 1959 1213 2003 Claudius,
1235 1960 1312 1994 sein
1334 1960 1504 2005 College,
1531 1973 1558 1995 s.
1581 1972 1610 1995 0.
1632 1965 1691 2004 27,

942 2011 973 2041 1.
997 2027 1040 2032 -—
1061 2007 1337 2050 circumventus,
1356 2008 1594 2053 fibertragen,
1619 2008 1694 2043 wie

941 2059 974 2096 4,
994 2058 1051 2097 48,
1074 2059 1116 2089 13
1139 2055 1419 2090 circumventam
1439 2066 1512 2090 rem
1526 2056 1631 2100 publ.
1658 2060 1690 2100 6,

943 2106 999 2146 36,
1028 2106 1083 2136 12.
1110 2106 1143 2146 4,
1171 2106 1228 2145 21,
1255 2106 1286 2136 4.

989 2177 1022 2208 4.
1049 2184 1146 2208 max.
1168 2185 1199 2217 q.
1222 2173 1305 2217 illa,
1331 2173 1398 2207 das
1417 2173 1693 2217 pleonastisehe

942 2220 988 2263 (is
1013 2220 1115 2264 oder)
1140 2221 1202 2255 ille
1226 2220 1288 2254 bei
1314 2221 1456 2265 quidem
1499 2221 1591 2255 hebt
1619 2221 1693 2256 den

940 2267 1122 2302 1101011101).
1139 2267 1283 2312 Begriff
1297 2268 1395 2302 noch
1419 2268 1526 2302 mehr
1544 2268 1692 2312 hervor,

939 2314 1014 2359 vgl.
1037 2314 1111 2350 Cic.
1133 2325 1184 2350 or.
1207 2319 1268 2358 14,
1288 2318 1335 2349 44
1359 2326 1496 2359 magna
1521 2316 1587 2350 illa
1613 2317 1692 2360 qui·

939 2362 1018 2396 clem
1049 2366 1152 2406 s,1mt
1178 2362 1273 2397 sed.
1297 2389 1304 2396 .
1348 2361 1445 2396 Phil
1474 2366 1505 2405 7,
1533 2367 1552 2397 5
1580 2373 1691 2398 exeu-

938 2410 1034 2443 satio
1065 2437 1072 2444 .
1095 2437 1103 2444 .
1124 2436 1135 2452 ‚
1173 2410 1305 2444 misera
1338 2410 1402 2443 zlla
1433 2410 1593 2453 quidem,
1630 2409 1693 2444 secl

938 2459 1060 2491 tamen
1092 2458 1200 2491 insta.
1246 2456 1285 2490 L.
1314 2461 1347 2498 5,
1373 2459 1430 2500 25,
1456 2460 1490 2492 4.
1528 2456 1618 2491 Hier
1642 2456 1694 2491 ist,

940 2514 978 2537 es
1008 2503 1298 2548 ungewohnlieh
1328 2504 1425 2538 nach
1457 2504 1600 2547 quidem
1625 2513 1691 2547 ge-

941 2549 1064 2593 stent,
1098 2563 1162 2584 um
1200 2550 1286 2584 dem
1316 2551 1497 2585 betonten
1528 2551 1692 2585 maxima

942 2597 1041 2631 noch
1071 2597 1294 2632 besonderes
1326 2595 1498 2632 Gewichh
1534 2609 1578 2631 zu
1609 2608 1691 2631 ver—

942 2643 1067 2678 leihen
1105 2644 1255 2687 (anders
1292 2643 1342 2678 ist
1380 2645 1522 2688 quidem
1554 2644 1614 2679 ille
1646 2656 1691 2678 211

942 2690 1145 2725 verbinden
1184 2694 1240 2733 28,
1278 2695 1335 2734 42,
1374 2693 1421 2735 5).
1479 2691 1586 2726 Sinn:
1631 2691 1692 2726 die

940 2737 1053 2772 Plebs
1079 2737 1129 2772 ist
1155 2737 1220 2773 der
1247 2739 1390 2782 grosste
1416 2749 1531 2781 zwar,
1551 2738 1691 2783 jedoch

941 2783 1072 2819 immet
1109 2796 1179 2819 nur
1217 2785 1277 2820 ein
1310 2785 1420 2820 Theil
1451 2787 1556 2830 (pars
1580 2789 1691 2831 prag-

940 2834 1056 2876 nant).
1089 2852 1133 2857 —-
1167 2832 1227 2868 sed
1259 2835 1379 2868 tamen
1415 2833 1512 2868 nach
1547 2833 1693 2878 qil-ulem

1718 177 1759 209 15

1717 592 1739 622 13
