1799 3105
23 192 78 232 70

45 496 65 527 2

45 617 65 646 3

45 735 66 764 4

45 1030 64 1060 5

45 1208 65 1238 6

47 1385 64 1415 7

97 81 185 122 114
648 77 792 113 LIBER
817 77 880 112 III.
921 77 1022 113 CAP.
1052 81 1108 113 70.

1461 95 1486 114 a..
1506 96 1536 115 u.
1557 95 1581 115 c.
1602 89 1664 116 308.

211 188 262 230 In
300 188 487 230 exercitu
526 187 721 228 Romano
767 200 861 227 cum
903 185 986 226 duo
1026 185 1223 226 consules
1263 188 1407 228 essent
1442 188 1663 240 potestate

93 250 206 304 pari,
244 249 355 303 quod
389 246 717 289 saluberrimum
749 244 793 285 in
826 244 1199 285 administratione
1231 259 1486 300 magnarum
1517 260 1664 288 rerum

93 312 175 363 est,
219 321 386 348 summa
424 305 594 359 imperii
634 303 891 345 concedente
924 303 1122 358 Agrippa
1153 318 1283 357 penes
1317 304 1526 360 collegam
1559 307 1665 359 erat,

93 371 135 410 et
166 367 385 421 praelatus
418 365 490 405 ille
522 363 726 404 facilitati
759 362 1069 404 summittentis
1098 376 1141 403 se
1171 363 1350 404 comiter
1374 364 1664 418 respondebat

92 423 446 468 communicando
487 422 667 464 consilia
703 421 936 476 laudesque
978 423 1022 462 et
1059 422 1280 476 aequando
1320 422 1530 477 imparem
1568 423 1663 465 sibi.

92 487 135 527 in
174 485 262 527 acie
303 482 527 532 Quinctius
572 481 767 522 dextrum
812 495 962 534 corun,
1003 481 1200 535 Agrippa
1245 481 1465 522 sinistrum
1505 482 1662 536 tenuit3

95 544 166 600 Sp.
198 541 421 586 Postumio
455 541 569 583 Albo
601 541 746 594 legato
779 540 906 581 datur
938 540 1079 581 media
1112 539 1223 582 acies
1256 540 1436 594 tuenda3
1468 541 1664 595 legatum

94 605 274 645 alterum
307 601 352 642 P.
386 599 621 655 Sulpicium
654 599 871 654 equitibus
904 599 1171 653 praeficiunt.
1225 599 1391 653 pedites
1426 600 1479 641 ab
1513 600 1663 642 dextro

93 677 225 704 cornu
265 660 437 716 egregie
476 673 723 714 pugnavere
762 658 878 699 haud
917 658 1109 712 segniter
1146 658 1446 700 resistentibus
1482 658 1665 702 Volscis,

92 722 136 763 P.
159 720 374 775 Sulpicius
408 733 483 774 per
515 718 700 760 mediam
731 717 924 759 hostium
952 717 1084 758 aciem
1112 732 1206 758 cum
1237 717 1431 772 equitatu
1456 718 1664 772 perrupit.

92 781 204 822 unde
238 795 333 822 cum
367 778 516 820 eadem
542 777 698 819 reverti
724 778 873 830 posset
899 776 952 817 ad
979 790 1091 830 suos,
1122 777 1373 831 priusquam
1406 776 1544 818 hostis
1574 779 1663 818 tur-

91 841 217 882 batos
251 838 421 880 ordines
453 837 663 890 reficeret,
694 839 816 890 terga
846 835 1100 890 impugnare
1131 835 1323 877 hostium
1355 836 1491 877 satius
1522 835 1663 878 visum

92 902 175 954 est3
201 900 507 951 momentoque
533 896 742 950 temporis
764 896 808 935 in
830 908 1025 936 aversam
1045 895 1305 936 incursando
1328 894 1462 936 aciem
1484 895 1664 949 ancipit-i

91 962 255 1000 terrore
288 957 542 1010 dissipasset
572 955 739 1007 hostes,
770 954 816 994 ni
849 968 926 995 suo
959 954 1135 1007 proprio
1170 968 1267 994 eum
1299 954 1463 1008 proelio
1497 954 1664 1008 equites

92 1017 351 1059 Volscorum
383 1019 426 1056 et
464 1015 708 1068 Aequorum
741 1015 966 1067 exceptum
999 1012 1262 1067 aliquamdiu
1294 1013 1548 1054 tenuissent.
1602 1013 1665 1055 ibi

92 1091 191 1118 vero
239 1075 452 1129 Sulpicius
497 1087 657 1128 negare
703 1072 930 1114 cunctandi
973 1074 1142 1126 tempus
1188 1086 1299 1125 esse,
1349 1072 1664 1114 circumventos

91 1136 430 1188 interclusosque
464 1134 516 1174 ab
551 1133 638 1174 suis
671 1132 928 1186 vociferans,
967 1131 1013 1172 ni
1046 1134 1244 1186 equestre
1276 1131 1488 1185 proelium
1521 1131 1665 1173 conixi

94 1195 210 1238 omni
240 1194 284 1236 vi
315 1193 583 1247 perficerent.
643 1206 722 1233 nec
754 1191 905 1246 fugare
938 1190 1125 1245 equitem
1156 1190 1377 1246 integrum
1410 1190 1516 1231 satis
1550 1204 1663 1245 esse3

93 1254 352 1297 conficerent
385 1266 516 1307 equos
548 1252 766 1305 virosque,
806 1264 860 1291 ne
893 1250 988 1304 quis
1022 1249 1296 1291 reveheretur
1327 1249 1426 1290 inde
1459 1249 1512 1290 ad
1543 1263 1665 1304 proe-

92 1314 199 1355 lium
237 1315 311 1354 aut
348 1312 587 1366 integraret
629 1324 837 1365 pugnam3
881 1323 968 1351 non
1013 1323 1141 1363 posse
1184 1308 1284 1350 illos
1328 1308 1531 1350 resistere
1571 1307 1666 1362 sibi,

95 1373 247 1428 quibus
282 1371 474 1412 conferta
505 1369 701 1424 peditum
734 1369 846 1410 acies
880 1368 1093 1410 cessisset.
1154 1367 1271 1409 haud
1310 1367 1447 1409 surdis
1485 1367 1664 1409 auribus

93 1433 217 1473 dicta.
268 1429 549 1484 impressione
582 1443 668 1470 una
699 1430 839 1470 totum
871 1427 1112 1482 equitatum
1142 1426 1307 1481 fudere,
1339 1439 1544 1481 magnam
1575 1425 1663 1468 vim
1689 1437 1693 1440 ’

93 1506 143 1532 ex
178 1490 297 1545 equis
330 1489 685 1543 praecipitavere,
722 1488 842 1542 ipsos
876 1500 1091 1540 equosque
1124 1485 1300 1539 spiculis
1334 1485 1573 1527 confodere.
1625 1485 1664 1526 is

93 1550 190 1591 finis
223 1562 392 1604 pugnae
425 1547 637 1602 equestris
669 1546 763 1588 fuit.
809 1549 910 1587 tunc
937 1545 1080 1586 adorti
1105 1544 1297 1599 peditum
1324 1545 1459 1586 aciem
1484 1543 1662 1586 nuntios

94 1609 146 1651 ad
180 1608 375 1650 consules
408 1608 470 1648 rei
502 1609 649 1661 gestae
682 1606 878 1659 mittunt,
916 1605 989 1646 ubi
1028 1604 1114 1645 iam
1149 1604 1440 1645 inclinabatur
1470 1603 1662 1644 hostium

94 1669 219 1710 acies.
268 1667 443 1708 nuntius
476 1665 629 1707 deinde
662 1668 704 1706 et
735 1663 1006 1706 vincentibus
1032 1663 1240 1705 Romanis
1274 1662 1440 1704 animos
1474 1662 1596 1704 auxit
1622 1665 1665 1703 et

960 1778 1026 1802 suo
1046 1768 1202 1812 proprio
1224 1767 1379 1812 proelio]
1407 1766 1526 1801 durch
1551 1766 1662 1801 einen

92 1772 211 1818 Lagei·
236 1772 275 1806 in
301 1771 367 1806 der
389 1771 496 1805 N'ahe
523 1771 587 1805 des
614 1769 842 1804 feindlichen

914 1815 1056 1859 Kampf
1072 1814 1138 1849 der
1154 1814 1282 1849 Reiter
1301 1813 1373 1848 mit
1385 1812 1549 1849 Reitern.
1576 1812 1662 1858 Vgl.

93 1821 232 1865 Lagei-s
258 1819 512 1863 aufschlagen.

144 1891 205 1926 70.
238 1894 267 1925 1.
295 1891 390 1934 quod
409 1918 414 1925 .
435 1918 441 1924 .
459 1916 466 1923 .
488 1889 554 1934 est]
581 1887 842 1932 Bestimmung

95 1950 175 1972 zum
196 1937 398 1982 folgenden
413 1937 498 1971 Satz
518 1947 720 1971 summa...
744 1938 840 1970 erat:

95 1986 154 2020 bei
180 1984 381 2029 wichtigen
407 1983 766 2026 Unternehmungen
791 1982 842 2016 ist

95 2043 132 2067 es
160 2032 335 2075 heilsam,
369 2029 444 2065 dass
478 2031 604 2066 einer
635 2029 750 2065 allein
781 2030 841 2064 die

95 2079 340 2123 Oberleitung
364 2079 442 2113 hat.

142 2127 396 2161 summittentis
420 2126 471 2171 se]
505 2125 590 2160 ‘mit
616 2124 777 2159 welcher
803 2135 842 2158 er

97 2174 173 2208 sich
200 2173 279 2207 ihm
305 2172 598 2207 unterordnete’.

143 2221 283 2266 laudes]
324 2219 464 2255 welche
498 2231 536 2254 er
569 2219 648 2254 sich
686 2218 839 2261 erwarb,

97 2267 364 2303 ‘Verdienste'.

143 2315 333 2361 imparem]
361 2326 409 2349 an
434 2312 689 2358 Tfichtigkeit.

142 2379 173 2409 2.
214 2373 417 2418 Postumio]
453 2373 503 2407 Er
535 2383 611 2407 war
643 2372 744 2406 einer
776 2371 841 2405 der

94 2421 315 2456 Dezemvirn
330 2421 393 2455 des
408 2422 531 2455 ersten
545 2420 689 2463 Jahres,
705 2418 840 2453 ebenso

97 2469 299 2514 Sulpicius;
325 2468 398 2513 vgl.
426 2467 519 2512 Καὶ).
542 2471 598 2510 31,
620 2471 640 2501 8
667 2478 701 2500 u.
729 2469 786 2508 33,
807 2469 838 2499 3.

143 2517 262 2551 media
288 2517 383 2550 acies
408 2514 560 2560 tuenda]
591 2513 650 2549 die
677 2513 842 2558 Leitung

96 2564 159 2598 des
177 2562 470 2598 Mitteltreffens:
497 2562 555 2605 22,
572 2566 629 2605 45,
644 2565 664 2596 8
687 2561 840 2600 Servilio

96 2612 215 2646 media
234 2621 366 2656 puyna
392 2609 528 2644 tuenda
553 2611 652 2644 data.

145 2658 341 2704 equitibus]
383 2657 442 2691 Sie
483 2657 614 2691 stehen
646 2656 742 2691 nach
775 2659 794 2697 ἓ
820 2659 842 2689 4

98 2716 163 2739 vor
190 2705 254 2739 der
279 2706 398 2740 media
425 2705 529 2739 acies.

146 2767 177 2797 4.
205 2763 340 2809 eadem]
368 2762 529 2806 Adverb,
557 2780 600 2791 =
624 2763 745 2797 eadem
769 2761 842 2796 via.

141 2811 360 2854 priusquam
383 2839 389 2845 .
411 2839 418 2846 .
441 2840 448 2847 .
470 2810 642 2855 reficeret]
670 2810 763 2843 nach
785 2811 804 2850 ἓ
822 2811 842 2842 5

99 2868 182 2891 zum
211 2856 553 2902 Vorhergehenden
578 2856 747 2902 geborig.

914 1862 1006 1904 Kap.
1035 1866 1091 1905 62,
1118 1866 1138 1897 9
1164 1872 1230 1897 suo
1258 1862 1394 1896 Marte.

963 1913 993 1944 5.
1015 1909 1290 1954 circumventos]
1308 1907 1407 1943 seine
1421 1907 1550 1942 Reiter
1563 1906 1664 1942 scien

914 1968 987 1992 von
1022 1956 1087 1991 der
1123 1956 1353 1991 feindlichen
1385 1953 1549 1990 Reiterei
1584 1965 1666 1989 um-

913 2005 1016 2048 ringt
1058 2004 1134 2037 und
1178 2003 1243 2038 das
1287 2001 1546 2038 Mitteltreffen
1596 2001 1663 2036 des

915 2050 1130 2086 Fussvolkes
1156 2050 1254 2085 habe
1282 2049 1342 2084 die
1364 2048 1505 2084 Reihen
1525 2047 1664 2083 wieder

914 2098 1154 2144 geschlossen
1186 2096 1263 2131 und
1295 2096 1409 2131 ihnen
1441 2096 1512 2130 den
1537 2095 1663 2130 Rfiok-

916 2157 988 2191 zug
1012 2145 1210 2189 versperrt.

963 2197 992 2227 6.
1026 2193 1157 2237 fuyare
1189 2191 1340 2236 equitem
1371 2189 1569 2235 inteymm]
1602 2189 1663 2224 die

914 2239 1078 2274 Reiterei
1116 2249 1155 2273 so
1188 2250 1232 2273 zu
1264 2238 1460 2282 schlagen,
1498 2235 1573 2272 dass
1611 2236 1690 2279 sie»

917 2287 1011 2322 ohne
1038 2285 1312 2331 Verletzungen
1340 2284 1624 2320 davonkomme.

958 2334 1139 2378 proelium
1166 2361 1172 2367 .
1204 2360 1211 2367 .
1241 2360 1247 2367 .
1269 2332 1453 2377 puynam]
1488 2330 1664 2366 Wechsel

915 2381 979 2416 des
1014 2379 1227 2415 Ausdrucks
1265 2380 1359 2414 ohne
1398 2377 1663 2414 ersichtlichen

913 2427 1160 2463 Unterschied
1187 2427 1252 2462 der
1277 2426 1510 2471 Bedeutung.

963 2480 994 2510 7.
1038 2474 1287 2520 impressione]
1327 2473 1499 2519 Anprall,
1543 2471 1659 2516 Choc;

912 2523 1006 2568 Kap.
1035 2527 1090 2566 62,
1119 2526 1149 2557 7.

961 2574 994 2605 8.
1021 2569 1156 2614 adortz]
1185 2567 1299 2603 naml.
1326 2568 1372 2602 ab
1398 2570 1506 2612 terqo.

964 2618 1043 2663 ubi]
1084 2617 1151 2650 auf
1186 2615 1246 2650 die
1278 2614 1446 2650 Konsuln
1483 2614 1660 2658 bemgen,

919 2664 995 2699 ‘bei
1027 2663 1228 2705 welchen’3
1263 2662 1359 2696 doch
1392 2659 1508 2695 denkt
1532 2658 1660 2694 Livius

915 2711 1031 2747 vorab
1052 2722 1098 2745 an
1120 2710 1191 2745 den
1207 2708 1411 2752 Quinctius,
1431 2707 1479 2741 da
1493 2706 1661 2752 Agrippa

917 2759 976 2793 die
986 2759 1063 2793 ihm
1074 2754 1491 2802 gegem'iberstehenden
1501 2753 1662 2788 Volsker

917 2807 992 2842 erst
1021 2805 1186 2840 nachher
1212 2805 1245 2847 (ξ
1273 2804 1332 2846 10)
1363 2813 1445 2836 zum
1478 2800 1662 2835 Weichen

916 2852 1054 2897 bringt.
