1799 3105
138 59 189 100 16
688 58 834 94 LIBER
859 58 920 94 111.
971 58 1072 94 CAP.
1099 63 1130 95 9.

1488 78 1513 96 a.
1533 78 1562 97 u.
1583 77 1609 97 c.
1630 72 1691 100 292.

90 179 108 207 ε)
136 168 179 209 in
215 167 395 222 plebem.
459 181 566 222 quae
599 180 652 207 ne
686 168 859 208 aeterna
895 166 984 207 illis
1016 166 1192 208 licentia
1224 168 1297 221 sit,
1334 168 1475 223 legem
1514 183 1558 211 se
1594 184 1688 224 pro-

133 226 438 281 mulgaturum,
470 229 518 266 ut
549 226 735 280 quinque
762 225 842 266 viri
875 228 1072 266 creentur
1103 226 1273 280 legibus
1300 226 1349 268 de
1382 227 1562 282 imperio
1589 243 1686 271 con-

135 285 267 327 sulari
301 284 547 327 scribendis.
593 284 707 339 quod
738 284 920 338 populus
952 284 998 325 in
1025 298 1069 326 se
1095 285 1162 326 ius
1189 284 1363 339 dederit,
1395 299 1444 328 eo
1471 287 1690 329 consulem

134 359 328 398 usurum;
373 358 458 385 non
503 343 621 397 ipsos
666 343 889 384 libidinem
935 357 983 384 ac
1028 343 1246 385 licentiam
1296 358 1418 386 suam
1467 360 1545 399 pro
1596 346 1691 402 lege

134 403 370 445 habituros.

254 461 346 509 Qua
377 461 652 516 promulgata
684 462 778 515 lege
804 475 901 502 cum
932 460 1134 502 timerent
1165 463 1322 515 patres,
1354 475 1407 503 ne
1434 462 1690 506 absentibus

135 520 382 562 consulibus
402 520 550 575 iugum
571 521 824 575 acciperent,
851 522 1025 561 senatus
1052 534 1077 560 a
1101 520 1321 574 praefecto
1347 520 1466 562 urbis
1488 520 1535 570 Q.
1557 521 1689 565 Fabio

134 583 328 632 vocatur,
366 579 439 633 qui
478 579 582 621 adeo
622 579 823 621 atrociter
863 579 908 619 in
945 578 1213 633 rogationem
1245 579 1512 634 latoremque
1550 580 1692 634 ipsum

136 642 203 679 est
234 638 441 691 invectus,
473 641 521 679 ut
551 637 672 693 nihil,
704 638 740 680 si
774 638 899 679 ambo
940 638 1137 679 consules
1175 638 1323 680 infesti
1364 638 1694 682 circumstarent

135 697 367 750 tribunum,
394 697 589 738 relictum
616 698 830 739 minarum
857 701 983 751 atque
1009 697 1185 738 terroris
1213 697 1284 738 sit:
1316 697 1569 739 insidiatum
1595 713 1692 740 eum

135 758 178 797 et
210 758 402 810 tempore
451 758 575 810 capto
615 757 813 798 adortum
854 770 944 796 rem
983 755 1211 809 publicam.

1274 757 1311 798 si
1348 770 1474 810 quem
1507 757 1691 803 similem

136 815 225 856 eius
264 816 404 869 priore
443 829 554 857 anno
593 815 705 857 inter
743 815 940 856 morbum
979 814 1224 869 bellumque
1260 816 1361 856 irati
1397 815 1439 856 di
1470 815 1692 858 tribunum

89 885 109 916 8
137 873 368 927 dedissent,
394 888 480 915 non
499 874 691 928 potuisse
712 873 818 915 sisti.
855 873 1036 915 mortuis
1065 872 1228 915 duobus
1250 874 1507 927 consulibus,
1526 875 1691 918 iacente

137 946 267 988 aegra
299 933 484 986 civitate,
515 934 560 974 in
593 933 849 975 conluvione
882 933 1072 974 omnium
1103 946 1244 973 rerum
1278 933 1329 974 ad
1360 933 1598 975 tollendum
1630 935 1692 976 rei

136 992 335 1047 publicae
386 992 609 1033 consulare
659 991 887 1046 imperium
937 991 1126 1032 laturum
1177 991 1294 1045 leges
1344 991 1494 1046 fuisse,
1542 992 1692 1035 ducem

91 1062 110 1093 9
139 1050 309 1092 Volscis
353 1051 599 1105 Aequisque
645 1051 699 1092 ad
750 1050 1083 1105 oppugnandam
1129 1050 1277 1091 urbem
1326 1050 1531 1093 futurum.
1592 1051 1693 1106 quid

134 1109 337 1150 tandem?
377 1110 441 1150 illi
477 1124 565 1151 non
596 1110 742 1164 licere,
774 1111 810 1151 si
843 1109 943 1164 quid
981 1109 1175 1151 consules
1214 1109 1394 1163 superbe
1431 1110 1475 1150 in
1508 1109 1693 1166 aliquem

135 1169 290 1210 civium
329 1171 404 1209 aut
435 1169 665 1210 crudeliter
697 1169 895 1222 fecerint,
934 1168 1045 1209 diem
1079 1168 1235 1223 dicere,
1273 1182 1471 1210 accusare
1502 1169 1555 1211 iis
1587 1169 1695 1224 ipsis

136 1272 294 1307 Strafen.
333 1271 444 1307 Diese
468 1273 557 1319 {eyes
576 1272 657 1308 sind
676 1272 781 1307 nicht
802 1271 879 1307 auf-

135 1319 388 1364 geschrieben‚
415 1331 453 1354 es
480 1320 562 1354 sind
588 1318 701 1355 blosse
723 1320 878 1355 Rechts-

135 1367 358 1411 gebrauche,
379 1367 520 1401 welche
540 1367 612 1402 den
632 1367 798 1402 Konsuln
819 1366 879 1401 bei

136 1415 202 1448 der
226 1413 557 1459 Rechtsprechung
582 1416 687 1449 mehr
700 1413 879 1449 Willkfir-

138 1460 297 1495 lichkeit
336 1462 498 1504 (licentia
529 1465 548 1503 ξ
575 1462 611 1505 5)
650 1463 879 1506 gestatteten

137 1508 191 1542 als
241 1507 506 1552 geschriebene
554 1509 879 1543 Gesetzesbestim-

136 1566 308 1599 mungen.
349 1555 408 1589 Sie
435 1556 600 1590 konnten
620 1554 680 1590 die
705 1555 881 1591 fiblichen

138 1602 285 1636 Strafen
312 1601 472 1636 mildern
497 1602 586 1637 oder
612 1602 792 1648 steigern,
818 1615 879 1637 um

135 1649 215 1684 ihre
251 1649 499 1694 patrizischen
537 1650 880 1694 Standesgenossen

135 1708 179 1730 zu
211 1696 458 1741 begiinstigen
492 1709 526 1732 u.
554 1697 614 1732 die
640 1698 811 1742 Plebejer
836 1708 881 1731 zu

134 1743 358 1779 bedn'icken.

182 1794 356 1826 verterent
392 1792 434 1825 in
465 1791 621 1837 plebem]
661 1802 780 1836 gegen
821 1791 881 1826 die

134 1837 245 1872 Plebs
278 1838 453 1882 kehrten,
486 1850 554 1872 nur
585 1850 705 1883 gegen
739 1839 792 1873 sie
819 1851 882 1873 zur

135 1885 382 1929 Anwendung
409 1885 596 1920 brachten.

186 1937 217 1966 5.
243 1932 424 1978 creentur]
451 1932 548 1967 nach
574 1933 665 1977 Kap.
689 1936 744 1974 31,
767 1937 786 1967 7
814 1945 882 1967 nur

138 1990 202 2014 aus
229 1980 293 2013 der
319 1979 447 2023 Plebs,
479 1991 554 2014 was
581 1991 646 2015 vor
672 1980 783 2015 allem
811 1981 882 2014 den

136 2026 377 2061 XViderstand
416 2027 481 2061 der
518 2027 698 2062 Patrizier
732 2027 881 2061 hervor-

138 2073 245 2107 rufen
271 2072 411 2109 musste.

180 2121 357 2166 populus]
385 2121 451 2154 das
479 2121 723 2156 Gesamtvolk
748 2121 785 2155 in
811 2121 882 2156 den

137 2167 523 2210 Centuriatkomitien.

185 2214 339 2260 dederit]
368 2215 485 2248 durch
503 2214 698 2249 Annahme
725 2215 790 2249 der
809 2226 882 2249 von

137 2261 208 2296 den
235 2261 490 2305 Quinquevirn
521 2261 775 2297 entworfenen
810 2261 881 2296 Ge-

136 2311 245 2343 setze.

183 2356 380 2402 consulem]
407 2356 476 2390 mit
501 2355 745 2390 kollektivem
774 2355 880 2390 Sinn:

137 2403 208 2437 ein
234 2404 394 2447 Konsu13
421 2404 555 2437 darauf
580 2402 813 2437 Constructio
834 2403 882 2436 ad

137 2451 388 2485 intellectum:
414 2451 528 2494 ipsos.
545 2478 552 2485 .
569 2450 782 2485 ‚habituro-3.

184 2498 371 2532 libidinem
397 2508 441 2532 ac
465 2497 664 2543 licentiam]
691 2497 881 2532 6111116116-

136 2545 248 2579 rende
264 2545 524 2588 Verbindung;
546 2544 618 2580 Cic.
634 2544 737 2581 Verr.
758 2548 792 2587 3,
813 2547 881 2578 210

137 2592 187 2626 ad
205 2592 298 2626 hanc
314 2592 499 2626 hominum
513 2592 702 2627 libidinem
715 2602 758 2626 ac
772 2592 880 2627 licen-

137 2640 228 2672 tiam
253 2650 306 2673 me
332 2639 492 2673 abducis.

187 2690 216 2720 6.
230 2686 448 2731 acciperent]
458 2685 665 2720 annehmen
676 2697 713 2719 m
721 2689 744 2719 ii
754 2683 779 2719 Β
788 2687 830 2720 te
839 2697 861 2719 n
872 2713 880 2728 ,

139 2732 186 2765 da
218 2733 269 2767 sie
303 2732 373 2767 den
406 2733 595 2767 Tribunen
633 2732 737 2767 nicht
771 2732 880 2766 abzu-

139 2779 341 2813 schrecken
368 2780 616 2814 vermoch'ten.

187 2826 476 2872 circumstarent]
516 2826 681 2872 Imperf.,
719 2838 781 2861 nm
820 2825 879 2860 die

951 1271 1175 1317 Bedingung
1200 1272 1254 1306 als
1279 1272 1445 1318 moglich
1465 1285 1510 1307 zu
1527 1272 1696 1309 bezeich-

951 1330 1040 1362 nen3
1073 1318 1331 1364 unabh'angig:
1362 1320 1474 1363 nihil,
1498 1321 1533 1355 si
1551 1349 1558 1356 .
1574 1349 1581 1356 .
1598 1349 1605 1357 .
1624 1321 1695 1356 cir-

952 1369 1126 1401 cumstent
1150 1367 1357 1410 tribunum,
1390 1368 1577 1403 minarwm
1606 1368 1697 1403 addi

945 1416 1074 1458 potest.

999 1461 1184 1495 minarum
1210 1464 1318 1505 atque
1344 1461 1509 1507 terroris]
1531 1461 1614 1496 eine
1635 1461 1696 1496 bei

952 1507 1029 1542 Liv.
1053 1519 1120 1541 nur
1146 1507 1237 1550 hier,
1264 1508 1325 1542 bei
1346 1507 1472 1543 Cicero
1494 1508 1694 1543 mehrmals

953 1554 1597 1600 vorkommendeWortverbindung,
1616 1568 1646 1590 z.
1655 1556 1697 1592 Β.

953 1613 988 1645 p.
1004 1601 1112 1635 Font.
1127 1605 1190 1643 343
1219 1601 1263 1635 de
1281 1602 1390 1636 domo
1407 1605 1490 1644 1313
1511 1614 1546 1647 p.
1561 1603 1696 1638 Flacco

955 1652 1017 1691 193
1043 1648 1128 1683 Tac.
1143 1650 1235 1683 Ann.
1254 1653 1285 1692 1,
1300 1652 1343 1683 29
1369 1653 1479 1696 neqat
1503 1660 1538 1685 se
1563 1652 1698 1686 terrore

952 1699 985 1730 et
1009 1697 1119 1730 minis
1143 1697 1252 1732 vinci.

1001 1744 1164 1778 relictum
1183 1771 1191 1779 .
1207 1772 1214 1779 .
1232 1772 1239 1779 .
1256 1743 1320 1790 sit]
1359 1754 1574 1789 ungenauer
1604 1742 1698 1778 Aus-

953 1790 1086 1833 druck,
1126 1790 1251 1825 indem
1283 1790 1341 1825 die
1373 1791 1489 1836 Folge
1522 1802 1584 1825 zur
1616 1802 1697 1826 vor-

952 1837 1215 1881 hergehenden
1240 1837 1462 1883 Bedingung
1493 1837 1697 1883 cigentlich

952 1883 1091 1920 heissen
1117 1883 1243 1920 sollte:
1269 1889 1310 1919 ut
1329 1885 1424 1920 nihil
1442 1914 1449 1922 .
1466 1914 1473 1921 .
1489 1914 1497 1920 .
1515 1885 1607 1921 addi
1629 1896 1696 1930 po-

953 1933 1063 1968 tuerit
1088 1932 1177 1976 (vgl.
1205 1943 1247 1966 zu
1273 1931 1366 1977 Kap.
1393 1936 1426 1976 2,
1453 1933 1501 1977 6).

1003 1983 1033 2014 7.
1060 1979 1230 2025 tempore]
1245 1979 1454 2024 ‘giinstiger
1466 1978 1696 2024 Zeitpunkt’,

954 2027 1162 2071 Gegensatz
1188 2038 1232 2060 zu
1249 2027 1378 2070 priore
1402 2036 1510 2061 anm).

1000 2074 1152 2108 similem
1177 2073 1270 2118 eius]
1297 2072 1581 2118 gleichgesinnt.

1001 2119 1097 2165 sisti]
1136 2119 1413 2164 unpersonlich;
1450 2123 1569 2164 potest
1605 2121 1698 2164 sisti,

954 2178 1041 2201 man
1067 2166 1166 2201 kann
1191 2167 1456 2210 fortbestehen‚
1484 2178 1523 2201 es
1549 2167 1698 2202 anshal-

954 2214 1029 2256 ten,
1056 2213 1134 2248 sich
1155 2214 1291 2248 retten:
1318 2213 1411 2258 Kap.
1428 2217 1482 2258 16,
1497 2218 1519 2248 4
1533 2226 1566 2250 u.
1583 2218 1640 2259 20,
1655 2217 1697 2259 8;

955 2261 989 2305 2,
1016 2264 1072 2304 29,
1099 2264 1120 2295 8
1146 2272 1180 2295 u.
1207 2264 1264 2304 44,
1293 2263 1347 2295 10.

1003 2311 1034 2343 8.
1067 2308 1294 2354 conluvione]
1320 2307 1560 2354 Verwirrung
1588 2308 1696 2354 (Kap.

1001 2356 1262 2448 iei)publicae]
1290 2401 1402 2436 Dativ
1427 2402 1489 2437 bei
1513 2403 1634 2438 tollere
1657 2403 1697 2437 in

954 2450 1020 2484 der
1033 2450 1253 2494 Bedeutung
1267 2449 1452 2492 ‘nehmen,
1474 2447 1696 2493 entreissen’,

953 2508 1022 2531 nur
1047 2497 1128 2532 hier
1152 2497 1245 2531 statt
1263 2507 1306 2531 ex
1326 2496 1415 2532 oder
1433 2497 1477 2532 de
1497 2497 1583 2541 (vgl.
1598 2496 1691 2541 Kap.

1001 2591 1141 2636 ducem]
1164 2590 1394 2636 steigerndes
1407 2589 1634 2633 Asyndeton.
1649 2609 1695 2616 -

952 2638 1136 2684 futuffum]
1163 2637 1239 2672 scil.
1264 2639 1388 2681 fuisse.

1002 2688 1032 2719 9.
1067 2685 1218 2729 superbe
1254 2689 1319 2719 aut
1356 2683 1563 2730 crudeliter]
1597 2683 1694 2719 sinn-

953 2733 1168 2767 verwandte
1195 2731 1275 2765 und
1309 2730 1435 2775 h‘aufig
1468 2741 1696 2766 zusammen-

953 2780 1126 2824 gestellte
1151 2778 1316 2813 Worter:
1345 2780 1363 2819 ξ
1385 2781 1440 2820 12,
1459 2777 1553 2822 Kap.
1575 2781 1639 2821 44,
1660 2781 1693 2812 4.

1000 2826 1092 2861 diem
1126 2825 1256 2871 dicere]
1292 2826 1399 2860 term.
1431 2824 1554 2859 techn.
1588 2825 1695 2860 ‘vor-
