1799 3105
87 118 116 138 a.
138 109 205 136 Chr.
226 117 256 135 n.
275 110 340 135 446.

85 209 321 251 referentes
367 207 549 262 gradum
592 206 778 262 perculit
821 204 1006 260 Aequos.

591 97 736 133 LIBER
761 97 823 133 ΠΙ.
876 97 979 133 CAP.
1008 100 1062 132 70.
1092 100 1145 131 71.

1578 95 1662 137 115

1069 205 1113 247 in
1158 205 1299 246 media
1341 205 1531 259 primum
1575 205 1664 246 acie

86 268 200 310 vinci
232 267 390 321 coepti,
423 281 507 321 qua
538 266 775 321 permissus
809 266 1026 319 equitatus
1058 265 1314 306 turbaverat
1339 264 1528 317 ordines3
1562 265 1663 305 sini-

86 330 224 369 strum
246 326 398 368 deinde
420 340 553 367 cornu
574 326 628 367 ab
651 324 851 374 Quinctio
873 325 1047 366 consule
1074 325 1177 379 pelli
1203 327 1421 378 coeptum3
1447 323 1493 364 in
1514 323 1664 365 dextro

84 386 320 441 plurimum
358 385 522 427 laboris
561 385 654 428 fuit.

715 384 777 425 ibi
816 383 1029 439 Agrippa,
1069 386 1209 425 aetate
1247 383 1494 438 viribusque
1532 383 1666 437 ferox,

87 460 182 488 cum
216 445 333 487 omni
365 447 490 499 parte
522 458 695 499 pugnae
728 443 880 484 melius
914 458 1004 484 rem
1038 443 1129 498 geri
1166 458 1295 498 quam
1329 442 1442 497 apud
1476 456 1520 483 se
1551 442 1665 483 vide-

85 508 169 559 ret,
208 506 382 559 arrepta
420 504 545 558 signa
583 503 637 545 ab
679 502 896 556 signiferis
934 503 1026 556 ipse
1064 502 1241 556 inferre,
1281 502 1489 556 quaedam
1527 502 1665 543 iacere

86 564 218 606 etiam
249 564 296 605 in
330 563 549 605 confertos
581 562 729 604 hostes
763 561 922 616 eoepit3
961 562 1079 603 cuius
1118 562 1383 617 ignominiae
1416 563 1535 602 metu
1568 576 1665 603 con-

86 623 209 665 citati
254 622 416 664 milites
462 622 660 664 invasere
703 620 888 662 hostem.

85 682 267 724 victoria
307 684 385 723 est.

951 621 1014 662 ita
1059 623 1245 675 aequata
1290 635 1340 662 ex
1382 621 1500 662 omni
1544 623 1667 675 parte

446 681 626 722 nuntius
665 682 760 721 tum
793 695 818 721 a
851 679 1055 728 Quinctio
1095 681 1214 722 venit
1252 680 1461 722 victorem
1499 680 1586 721 iam
1622 694 1666 721 se

87 741 313 783 imminere
356 741 550 782 hostium
596 740 772 793 castris3
816 739 932 780 nolle
976 740 1240 794 inrumpere,
1285 742 1516 794 antequam
1560 740 1669 781 sciat

86 800 348 842 debellatum
388 803 431 841 et
467 800 512 841 in
546 799 722 841 sinistro
762 813 893 840 cornu
933 813 1044 853 esse,
1085 800 1122 840 si
1160 799 1248 840 iam
1285 799 1467 840 fudisset
1503 799 1666 852 hostes,
1719 830 1736 840 2

86 859 300 902 conferret
340 859 394 901 ad
426 874 470 901 se
505 859 649 914 signa,
686 861 735 900 ut
768 859 894 899 simul
934 859 1074 900 omnis
1114 859 1325 900 exercitus
1363 858 1525 913 praeda
1556 858 1666 912 poti-

84 921 215 961 retur.

276 919 416 961 victor
453 918 651 974 Agrippa
691 933 787 959 cum
824 921 975 960 mutua
1019 919 1314 973 gratulatione
1360 917 1413 959 ad
1457 917 1665 959 victorem

87 979 303 1034 collegam
348 981 574 1033 castraque
618 978 812 1020 hostium
855 978 983 1019 venit.

1044 978 1106 1019 ibi
1147 978 1297 1032 paucis
1337 977 1667 1019 defendentibus

88 1040 396 1092 momentoque
441 1037 547 1079 fusis
595 1038 687 1078 sine
733 1037 967 1079 certamine
1008 1037 1055 1078 in
1093 1037 1355 1079 munitiones
1400 1037 1668 1091 inrumpunt,

86 1097 331 1152 praedaque
364 1098 534 1152 ingegssti
566 1098 808 1151 compotem
842 1097 1076 1138 exercitum
1109 1097 1197 1138 suis
1225 1097 1357 1138 etiam
1390 1096 1518 1138 rebus
1551 1111 1668 1138 recu-

87 1157 270 1211 peratis,
314 1171 424 1211 quae
469 1156 750 1211 populatione
789 1169 991 1210 agrorum
1030 1156 1215 1198 amissae
1261 1158 1402 1210 erant,
1446 1156 1669 1197 reducunt.

85 1216 355 1270 triumphum
400 1231 479 1257 nec
523 1216 641 1270 ipsos
686 1216 932 1269 postulasse
970 1230 1048 1257 nec
1087 1215 1278 1257 delatum
1315 1216 1368 1257 iis
1415 1215 1469 1256 ab
1516 1218 1669 1256 senatu

89 1275 272 1330 accipio,
316 1289 395 1316 nec
439 1275 625 1316 traditur
670 1289 801 1316 causa
847 1275 982 1329 spreti
1024 1278 1098 1316 aut
1135 1290 1224 1317 non
1269 1275 1431 1329 sperati
1476 1274 1667 1316 honoris

90 1349 170 1390 ego
204 1336 415 1389 quantum
448 1335 495 1375 in
526 1337 652 1376 tanto
685 1334 917 1376 intervallo
949 1337 1196 1389 temporum
1231 1334 1414 1385 conicio,
1454 1348 1552 1375 cum
1583 1333 1668 1375 Va-

87 1394 192 1436 lerio
226 1396 356 1448 atque
382 1393 567 1435 Horatio
602 1394 871 1447 consulibus,
904 1394 978 1449 qui
1009 1397 1183 1449 praeter
1208 1393 1392 1436 Volscos
1426 1395 1469 1435 et
1491 1392 1668 1448 Aequos

90 1452 239 1495 Sabini
271 1454 403 1495 etiam
434 1453 539 1494 belli
571 1453 752 1508 perfecti
785 1453 968 1508 gloriam
1000 1456 1277 1508 pepererant,
1310 1455 1495 1508 negatus
1524 1453 1578 1494 ab
1606 1467 1668 1494 se·

89 1515 196 1554 natu
221 1513 469 1568 triumphus
496 1516 624 1566 esset,
649 1513 931 1554 verecundiae
958 1513 1042 1554 fuit
1069 1528 1146 1567 pro
1172 1516 1295 1567 parte
1324 1512 1501 1554 dimidia
1527 1527 1668 1554 rerum

90 1572 339 1613 consulibus
372 1575 519 1626 petere
544 1572 833 1626 triumphum,
866 1587 937 1627 ne,
971 1573 1141 1614 etiamsi
1168 1573 1496 1627 impetrassent,
1529 1572 1668 1627 magis

89 1631 314 1673 hominum
346 1632 457 1673 ratio
492 1647 621 1686 quam
653 1632 908 1673 meritorum
939 1632 1093 1674 habita
1125 1632 1354 1674 videretur.

209 1690 449 1732 Victoriam
487 1691 717 1733 honestam
756 1706 807 1732 ex
844 1692 1044 1732 hostibus
1083 1694 1253 1746 partam
1298 1694 1423 1745 turpe
1462 1691 1580 1733 domi
1619 1690 1668 1732 de
1687 1692 1738 1733 71

89 1749 248 1791 finibus
295 1750 510 1792 sociorum
554 1750 758 1791 iudicium
804 1751 956 1805 populi
996 1751 1269 1793 deformavit.

1332 1750 1500 1792 Aricini
1540 1753 1669 1805 atque
1698 1762 1717 1792 2

90 1808 302 1850 Ardeates
336 1809 387 1850 de
421 1809 625 1864 ambiguo
660 1823 764 1864 agro
799 1824 894 1850 cum
928 1825 1054 1864 saepe
1086 1810 1202 1852 bello
1237 1812 1489 1864 certassent,
1521 1810 1669 1851 multis

90 1868 136 1909 in
177 1868 313 1909 vicem
357 1868 549 1910 cladibus
595 1868 700 1910 fessi
743 1869 926 1910 iudicem
970 1870 1176 1924 populum
1215 1869 1462 1911 Romanum
1507 1883 1671 1924 cepere.

91 1942 189 1969 cum
216 1927 270 1968 ad
296 1942 469 1969 causam
496 1928 703 1969 orandam
730 1928 968 1982 venissent,
1002 1929 1187 1971 concilio
1215 1929 1365 1984 populi
1392 1944 1416 1970 a
1443 1929 1670 1983 magistra·
1696 1941 1716 1971 3

139 2035 171 2066 9.
187 2032 406 2078 permissus]
422 2033 697 2078 ansprengend,
712 2033 844 2067 durch-

92 2079 298 2123 brechend3
326 2079 419 2125 Kap.
447 2085 504 2124 61,
526 2084 557 2115 9.

141 2142 194 2173 10.
219 2142 335 2174 aetate
353 2140 564 2185 viribusque
581 2140 703 2186 ferooe]
727 2139 844 2175 durch

91 2185 198 2220 Alter
229 2187 302 2221 und
330 2187 461 2221 Kr'afte
493 2188 711 2233 ungestfim,
746 2187 779 2222 d.
806 2188 842 2223 h.

91 2233 168 2269 voll
190 2233 455 2279 jugendlicher
479 2235 598 2269 Kraft.

142 2296 196 2326 11.
219 2293 459 2339 ignominiae]
481 2294 555 2328 Der
569 2294 722 2329 Verlust
741 2294 842 2329 eines

92 2339 359 2375 Feldzeichens
385 2340 468 2385 galt
493 2342 547 2375 als
567 2341 649 2376 eine
671 2342 844 2376 Schande

91 2387 152 2421 fu‘r
169 2386 230 2420 die
249 2386 481 2422 betreffende
495 2388 844 2435 Heeresabteilung.

90 2433 219 2469 Daher
245 2434 400 2468 wurden
426 2435 481 2469 oft
499 2435 746 2471 Feldzeichen
771 2448 845 2472 von

94 2481 167 2516 den
192 2481 405 2516 Anftihrern
441 2483 479 2516 in
512 2483 572 2517 die
598 2482 737 2518 Feinde
763 2484 844 2518 hin-

94 2528 363 2573 eingeworfen‚
415 2529 535 2564 damit
583 2530 643 2565 die
688 2530 845 2576 Krieger

96 2576 214 2611 durch
252 2576 312 2611 die
351 2576 540 2612 drohende
573 2577 744 2613 Schande
783 2590 846 2612 zur

92 2623 314 2668 Tapferkeit
335 2624 555 2670 angefeuert
579 2625 733 2660 wurden
754 2625 843 2670 (vgl.

93 2671 154 2713 25,
182 2675 238 2716 14,
265 2676 287 2706 4
307 2672 387 2717 fg).

144 2733 198 2765 12.
226 2731 404 2774 conferret
423 2732 473 2766 ad
491 2742 526 2766 se
544 2731 667 2777 siqua]
693 2743 732 2767 er
752 2732 845 2767 solle

95 2775 155 2812 die
189 2777 439 2813 Feldzeichen
477 2791 521 2814 zu
558 2779 637 2813 ihm
676 2779 845 2824 bringen,

95 2824 128 2859 d.
156 2824 194 2859 h.
221 2825 282 2860 die
309 2826 485 2872 Truppen
517 2839 559 2861 zu
593 2827 671 2861 ihm
701 2826 845 2863 ftihren.

147 2887 202 2918 13.
224 2888 432 2932 compotem]
453 2885 638 2931 gewohnl.
654 2885 724 2921 mit
737 2885 845 2931 Gen-3

917 2033 979 2068 bei
1004 2033 1097 2077 Liv.‚
1124 2033 1273 2079 Vergil,
1302 2033 1442 2069 Sallust
1467 2034 1504 2080 je
1532 2033 1671 2068 einmal

917 2080 988 2116 mit
1012 2080 1097 2116 Abl.

965 2129 1057 2175 suis]
1098 2129 1167 2164 auf
1201 2129 1267 2164 das
1301 2128 1442 2175 Objekt
1476 2130 1672 2164 exercitum

918 2177 1096 2221 bezogen.

968 2228 1022 2259 15.
1062 2224 1226 2270 praeter]
1276 2224 1512 2269 ‘abgesehen
1554 2224 1670 2267 von’;

917 2271 1050 2306 kurzer
1081 2271 1296 2315 Ausdruck,
1336 2271 1463 2306 indem
1501 2283 1588 2307 man
1627 2284 1671 2306 zu

926 2319 1071 2354 Volscos
1090 2324 1122 2355 et
1141 2320 1287 2364 Aequos
1305 2320 1402 2354 noch
1423 2318 1485 2354 ein
1505 2319 1672 2364 Particip

919 2367 1032 2411 (etwa
1058 2368 1229 2412 devictos)
1257 2368 1442 2402 crwartet.

966 2415 1194 2460 consulibus]
1234 2414 1427 2459 abh'angig
1465 2425 1540 2449 von
1577 2425 1671 2449 vere-

918 2462 1076 2497 cundiae
1093 2462 1181 2505 fuit,
1208 2461 1370 2497 welches
1391 2462 1472 2496 hier
1492 2460 1563 2495 mit
1587 2461 1670 2495 dem

917 2509 1005 2552 1nf.‚
1038 2508 1132 2554 Kap.
1161 2513 1225 2552 62,
1252 2513 1272 2543 9
1304 2508 1375 2543 mit
1405 2510 1491 2544 Aeo.
1527 2520 1556 2543 c.
1589 2508 1671 2552 Ins,

918 2560 975 2599 40,
998 2560 1018 2590 5
1045 2557 1116 2590 mit
1142 2557 1227 2590 dem
1248 2555 1339 2591 Gen.
1365 2556 1584 2591 verbunden
1609 2557 1670 2590 ist.

965 2603 1109 2649 habita]
1135 2603 1250 2638 n‘aml.
1266 2614 1345 2639 esse.
1367 2604 1547 2639 rationem
1560 2604 1672 2638 habco

919 2662 948 2685 c.
975 2662 1058 2695 gen.
1088 2651 1163 2686 ‘ich
1189 2650 1324 2686 nehme
1345 2650 1554 2686 Rficksicht
1579 2650 1669 2685 auf'.

969 2697 1031 2733 71.
1077 2701 1109 2732 2.
1149 2699 1191 2733 in
1230 2698 1358 2744 vicem]
1405 2698 1460 2732 als
1500 2698 1673 2733 Attribut

919 2744 1106 2780 zwischen
1134 2745 1315 2791 Adjektiv
1347 2745 1424 2780 und
1451 2745 1671 2781 Substantiv

919 2792 1084 2838 gestellt.
1126 2793 1213 2837 Vgl.
1240 2793 1334 2838 Kap.
1362 2797 1418 2836 26,
1447 2797 1479 2828 3.

967 2844 999 2876 3.
1040 2841 1088 2875 ad
1120 2851 1270 2876 causam
1295 2840 1492 2887 orandam]
1524 2840 1567 2875 In
1598 2841 1672 2876 den

920 2886 1216 2933 Verbindungen
1260 2899 1410 2924 eausam
1447 2899 1553 2924 orare
1595 2889 1672 2923 und

1335 2946 1384 2982 8*
