1799 3105
135 58 191 100 80
676 57 819 92 LIBER
844 56 905 93 111.
957 55 1058 92 CAP.
1083 58 1138 91 48.
1491 73 1516 91 a.
1535 73 1564 92 u.
1586 73 1610 92 0.
1629 66 1693 94 305.

134 168 311 209 armatis
350 166 633 219 descendisse,
670 179 757 206 non
790 167 838 206 ut
869 178 1127 219 quemquam
1160 163 1350 219 quietum
1382 164 1582 219 violaret,
1620 164 1694 207 sed

133 229 181 268 ut
217 227 440 267 turbantes
479 225 665 266 civitatis
708 224 844 266 otium
885 237 962 278 pro
1002 223 1227 264 maiestate
1266 223 1434 276 imperii
1472 226 1691 266 cocrceret.

134 285 327 340 ‘proinde
355 285 522 339 quiesse
549 283 629 324 erit
655 282 833 335 melius',
860 283 1017 337 inquit3
1040 281 1082 332 (τ’,
1120 282 1257 336 lictor,
1284 282 1488 324 submove
1519 283 1693 325 turbam

133 347 176 386 et
214 344 267 386 da
304 344 417 384 viam
460 343 632 384 domino
673 342 725 383 ad
765 341 1057 396 prendendum
1094 340 1385 394 mancipium.³
1449 355 1544 383 cum
1588 341 1694 384 haec

132 403 393 445 intonuisset
423 402 573 456 plenus
605 402 711 454 irae,
743 400 972 442 multitudo
1005 400 1100 454 ipsa
1131 414 1175 441 se
1209 414 1287 441 sua
1313 403 1466 455 sponte
1498 400 1692 455 dimovit,

133 463 382 516 desertaque
415 461 573 515 praeda
604 460 785 502 iniuriae
817 459 962 514 puella
994 460 1150 501 stabat.
1207 462 1299 500 tum
1331 458 1582 514 Verginius,
1619 460 1695 502 ubi

132 521 240 562 nihil
283 535 462 575 usquam
508 520 657 561 auxilii
701 519 824 573 vidit,
869 517 1085 574 ‘quaeso'‚
1128 517 1269 573 inquit
1313 516 1462 573 eAppi,
1507 519 1693 573 primum

131 581 306 635 ignosce
338 580 478 633 patrio
511 579 667 633 dolori,
701 579 737 620 si
770 592 853 633 quo
886 577 1183 619 inclementius
1210 577 1256 618 in
1282 579 1324 618 te
1352 592 1446 619 sum
1477 577 1691 633 invectus3

132 639 283 680 deinde
317 639 432 680 sinas
463 638 534 680 hic
565 653 711 680 coram
744 637 910 692 virgine
943 637 1153 678 nutricem
1186 637 1450 691 percontari,
1482 637 1582 692 quid
1613 637 1695 679 hoc

131 699 193 740 rei
233 699 305 752 sit,
344 700 411 752 ut,
456 698 491 739 si
529 697 640 739 falso
678 699 801 751 pater
839 697 976 738 dictus
1017 710 1127 750 sum,
1174 696 1372 750 aequiore
1411 696 1511 737 hinc
1550 696 1724 738 animo.

133 756 373 799 discedam.⁹
431 756 534 798 data
565 756 691 798 venia
723 755 887 797 seducit
918 755 1051 796 filiam
1084 770 1132 796 ac
1167 755 1374 796 nutricem
1407 769 1540 810 prope
1573 754 1694 797 Cloa-

133 817 251 858 cinae
284 816 336 857 ad
368 816 587 870 tabernas,
620 815 774 870 quibus
807 829 919 856 nunc
945 815 1068 856 novis
1095 817 1159 855 est
1184 828 1356 868 nomen,
1391 816 1518 868 atque
1549 814 1610 856 ibi
1640 815 1692 856 ab

132 877 246 917 lanio
279 876 418 917 cultro
451 878 621 929 arrepto
655 873 751 916 ehoc
782 877 824 914 te
857 888 942 915 uno
977 888 1059 928 quo
1086 871 1281 927 possum'
1316 873 1378 914 ait
1405 872 1560 928 ‘modo,
1590 873 1692 927 filia,

132 935 177 976 in
202 935 446 976 libertatem
471 933 668 975 vindico'.
712 936 860 987 pectus
887 932 1036 973 deinde
1069 932 1235 986 puellae
1267 931 1499 987 transfigit,
1530 946 1694 987 respec-

131 997 312 1048 tansque
352 994 404 1034 ad
441 993 634 1034 tribunal
667 992 765 1046 ete',
802 991 958 1046 inquit,
998 990 1148 1046 ‘Appi‚
1186 993 1394 1045 tuumque
1432 994 1560 1045 caput
1598 1005 1693 1032 san-

133 1054 259 1108 guine
291 1053 372 1094 hoc
405 1051 637 1094 consecro'.

251 1111 449 1154 Clamore
482 1111 535 1153 ad
566 1114 655 1152 tam
687 1113 811 1152 atrox
848 1109 1013 1151 facinus
1046 1111 1140 1151 orto
1174 1109 1337 1150 excitus
1371 1108 1539 1163 Appius
1578 1123 1692 1150 com-

131 1172 281 1226 prendi
314 1170 570 1226 Verginium
602 1171 731 1212 iubet.
793 1169 867 1210 ille
898 1169 1025 1222 ferro,
1057 1182 1321 1223 quacumque
1354 1168 1459 1223 ibat,
1489 1168 1603 1210 viam
1633 1168 1692 1209 fa-

131 1245 236 1281 cere,
269 1230 401 1272 donec
427 1229 700 1271 multitudine
728 1229 858 1270 etiam
890 1228 1240 1283 prosequentium
1267 1229 1415 1269 tuente
1442 1227 1496 1268 ad
1521 1229 1693 1282 portam

132 1290 331 1344 perrexit.
363 1289 508 1330 Icilius
522 1288 876 1342 Numitoriusque
898 1301 1113 1341 exsangue
1134 1300 1288 1340 corpus
1311 1286 1528 1328 sublatum
1548 1288 1690 1328 osten-

132 1345 228 1390 tant
247 1348 423 1403 populo;
451 1349 587 1390 scelus
608 1348 734 1402 Appi,
753 1348 921 1401 puellae
941 1346 1154 1387 infelicem
1174 1346 1373 1399 formam,
1393 1346 1693 1388 necessitatem

131 1408 267 1462 patris
300 1407 536 1461 deplorant.
599 1410 826 1461 sequentes
868 1406 1093 1448 clamitant
1123 1407 1364 1458 matronae,
1402 1419 1550 1446 eamne
1588 1404 1692 1446 libe-

130 1482 274 1509 rorum
301 1466 660 1521 procreandorum
687 1465 992 1518 condicionem,
1019 1479 1069 1505 ea
1094 1463 1323 1518 pudicitiae
1349 1464 1541 1517 praemia
1566 1463 1692 1505 esse?

132 1529 288 1579 cetera,
327 1540 435 1580 quae
467 1526 513 1566 in
542 1526 621 1567 tali
652 1539 698 1566 re
730 1524 951 1566 muliebris
989 1523 1126 1577 dolor,
1164 1537 1247 1577 quo
1287 1525 1352 1564 est
1381 1523 1584 1564 maestior
1615 1522 1694 1563 im-

131 1585 283 1627 becillo
304 1585 461 1639 animo,
488 1599 536 1626 eo
558 1584 822 1626 miserabilia
843 1584 981 1638 magis
1002 1582 1278 1638 querentibus
1300 1581 1468 1623 subicit.
1505 1582 1692 1623 virorum

179 1751 210 1782 2.
237 1748 471 1794 descendisse]
494 1748 569 1783 scil.
590 1749 632 1783 in
649 1749 782 1791 forum,
802 1758 876 1783 von

132 1795 252 1831 einem
284 1796 401 1830 hoher
432 1795 637 1840 gelegenen
664 1794 874 1830 Stadtteile.

178 1847 210 1877 3.
240 1843 411 1888 proinde]
441 1843 666 1886 ‘demnach'‚
697 1841 875 1877 Aufmun-

130 1890 456 1934 terungspartikel‚
477 1902 568 1935 gew.
589 1889 659 1925 mit
673 1889 875 1934 Imperativ

131 1936 237 1982 (Kap.
264 1940 321 1982 45,
349 1939 401 1981 7),
433 1937 513 1972 hier
541 1937 612 1972 mit
637 1937 721 1972 dem
747 1937 873 1981 Futur,

131 1984 215 2019 weil
260 1995 298 2019 es
348 1984 428 2020 eine
473 1984 751 2029 Aufforderung
794 1996 873 2019 um-

132 2032 304 2066 schreibt.

178 2079 326 2124 quiesse]
354 2078 448 2114 Perf.
476 2079 546 2114 mit
569 2079 691 2124 Bezug
717 2079 783 2114 auf
806 2079 871 2113 das

130 2125 247 2160 Futur
271 2128 338 2160 erit
363 2127 489 2160 melius
514 2127 602 2171 (vgl.
624 2125 718 2170 Kap.
739 2129 796 2168 41,
817 2128 872 2170 3);

130 2173 250 2207 neben
275 2173 359 2207 dem
379 2173 500 2208 Praes.
522 2177 572 2208 est
588 2174 721 2215 melius
746 2173 872 2207 wiirde

131 2219 226 2254 auch
244 2219 309 2254 der
322 2219 388 2256 Inf.
404 2220 525 2254 Praes.
541 2221 717 2264 quiescere
730 2220 870 2255 stehen.

178 2268 227 2302 da
252 2267 365 2313 viam]
393 2266 507 2309 offae,
534 2267 739 2302 verschaffe
765 2268 871 2301 einen

132 2314 298 2359 Zugang;
328 2314 462 2348 andere
489 2315 581 2359 Kap.
608 2318 665 2358 45,
692 2319 724 2349 5.

177 2361 408 2407 intonuisset]
425 2361 510 2396 ‘mit
523 2362 756 2397 donnernder
766 2362 873 2397 Stim-

131 2420 190 2444 me
215 2409 368 2454 gerufen
395 2409 529 2444 hatte'.

178 2459 211 2490 4.
237 2456 324 2502 quo]
351 2455 472 2491 Ablat.
500 2457 565 2491 des
591 2455 698 2491 Pron.
724 2456 871 2491 indefin.

132 2515 194 2538 zur
214 2502 472 2548 Bezeichnung
491 2503 556 2539 des
575 2501 722 2539 Masses:
742 2502 872 2548 4‚1‚5;

130 2551 191 2594 31,
207 2554 261 2594 12,
274 2555 306 2585 4.

177 2598 295 2644 sinas]
319 2598 439 2632 neben
464 2599 614 2644 ignosce.
658 2597 722 2632 Bei
747 2597 874 2631 Livius

131 2644 246 2680 findet
280 2644 361 2680 sich
393 2645 476 2689 (wie
504 2645 564 2679 bei
590 2644 782 2689 Dichtern)
815 2645 874 2679 die

131 2695 163 2726 2.
184 2692 283 2727 Pers.
305 2693 429 2727 Praes.
451 2691 553 2727 Coni.
579 2691 757 2726 zuweilen
783 2693 875 2726 stati:

132 2738 195 2773 des
221 2738 446 2783 Imperativ‚
477 2739 539 2774 bei
565 2738 691 2774 Cicero
723 2750 792 2773 nur
823 2739 875 2772 im

133 2784 243 2820 Sinne
276 2787 340 2821 des
372 2787 666 2822 unbestimmten
699 2785 873 2830 SubJekts

132 2843 239 2868 man.

996 1750 1027 1781 5.
1049 1756 1165 1791 prope
1193 1745 1402 1791 Cloacinae]
1431 1744 1510 1780 scil.
1536 1755 1691 1780 sacrum.

950 1792 1128 1829 Gloacz'na
1147 1793 1237 1828 oder
1258 1792 1439 1828 Cluacina
1463 1792 1513 1827 ist
1533 1792 1593 1827 ein
1613 1791 1692 1826 Bei-

947 1851 1056 1876 name
1083 1841 1148 1875 der
1166 1840 1303 1884 Venus,
1333 1840 1408 1875 ‘die
1432 1838 1690 1884 Reinigende’,

947 1899 1034 1924 vom
1069 1888 1170 1923 alten
1203 1885 1321 1923 clue‘re
1356 1886 1552 1932 ‘reinigen'
1582 1886 1690 1931 (Plin.

947 1948 982 1970 n.
1009 1935 1046 1970 h.
1075 1938 1129 1979 15,
1152 1936 1245 1980 119).

994 1988 1113 2035 novis]
1134 1988 1202 2023 Die
1215 1999 1329 2023 ‘novae
1347 1988 1518 2023 tabernae
1535 1985 1691 2022 standen

945 2036 997 2071 im
1023 2036 1234 2071 Nordosten
1260 2036 1324 2070 des
1351 2035 1517 2070 Forums.

945 2088 1340 2170 mssafflhdssffi'ckdeiu
1355 2084 1690 2178 ἵῗῗὲζῖῗξθεὲξὲ

945 2181 1014 2217 wie
1041 2183 1139 2217 denn
1157 2181 1508 2226 Verwiinschungen
1533 2181 1690 2215 zumeist

945 2229 1036 2264 tiber
1079 2230 1146 2264 das
1183 2228 1307 2274 Haupt
1347 2227 1449 2264 eines
1486 2227 1689 2262 Menschen

947 2277 1242 2359 qgsgpsprochen
1279 2276 1427 2311 werden
1465 2276 1556 2321 (vgl.
1589 2273 1688 2320 Kap.

994 2352 1025 2419 '7.
1050 2325 1243 2426 >infelicem
1279 2382 1449 2428 formam]
1491 2381 1575 2416 weil
1609 2381 1689 2416 ihre

948 2429 1151 2465 Schonheit
1176 2430 1235 2465 die
1258 2429 1487 2465 unheilvolle
1507 2427 1689 2474 Begierde

947 2478 1010 2513 des
1036 2477 1178 2523 Appius
1204 2479 1328 2522 erregt
1352 2477 1469 2512 hatte.

993 2530 1251 2576 necessitatem]
1297 2528 1542 2574 Bedrangnis‚
1587 2529 1688 2563 trau·
1749 2554 1753 2558 .
1790 2530 1795 2549 ’ἵ

947 2578 1044 2623 riges
1071 2578 1153 2613 Los.
1221 2617 1226 2623 ,

995 2641 1026 2672 8.
1054 2648 1176 2672 eamne
1196 2663 1203 2670 .
1225 2663 1232 2670 .
1255 2663 1262 2671 .
1284 2635 1369 2681 esse]
1390 2634 1507 2678 Frage
1527 2633 1592 2668 des
1612 2633 1688 2668 Un-

947 2684 1090 2719 willens
1116 2683 1155 2718 in
1175 2683 1302 2718 Oratio
1323 2681 1484 2725 obliqua,
1511 2681 1687 2716 wahrend

947 2742 1033 2766 man
1070 2731 1158 2765 eher
1196 2731 1267 2764 den
1298 2728 1406 2773 Konj.
1441 2729 1614 2764 erwartet
1649 2728 1689 2763 in

947 2776 1229 2823 Abh‘angigkeit
1255 2786 1328 2811 von
1353 2776 1552 2810 clamitant.

993 2841 1062 2875 quo
1087 2834 1138 2866 est
1156 2828 1341 2875 maestior]
1364 2828 1403 2874 je
1429 2827 1537 2863 tiefer
1563 2839 1602 2863 er
1625 2826 1686 2863 bei
