1799 3105
634 118 777 154 LIBER
802 119 830 154 Ι.
878 119 979 155 CAP.
1007 124 1059 156 28.
1577 122 1631 163 93

68 139 95 158 a.
117 132 169 157 C-h.
190 132 335 158 672—640.

65 221 224 263 talibus
270 220 470 262 deder0.“
537 221 806 263 centuriones
853 222 1007 263 armati
1046 221 1242 263 Mettium
1291 222 1630 277 circumsistunt,

65 291 139 319 rex
170 279 322 328 cetera,
355 280 403 319 ut
433 291 554 319 orsus
587 280 690 330 erat,
725 279 911 332 peragit:
943 278 1086 332 „quod
1118 279 1275 319 bonum
1297 278 1485 320 faustum
1509 279 1629 320 felix—

65 347 145 388 que
185 335 241 374 sit
278 333 437 387 populo
478 333 671 374 Romano
711 348 759 375 ac
796 334 902 374 mihi
941 335 1163 388 vobisque,
1205 334 1384 388 Albani,
1425 336 1628 389 populum

65 404 235 431 omnem
276 389 491 431 Albanum
531 389 712 430 Romam
751 390 971 431 traducere
1009 391 1054 431 in
1096 391 1240 432 animo
1281 393 1366 444 est,
1412 391 1626 433 civitatem

66 446 166 487 dare
197 446 324 500 plebi,
358 449 565 500 primores
597 448 640 486 111
673 449 815 500 patres
847 447 1000 500 legere,
1033 461 1160 488 unam
1192 447 1354 500 urbem,
1387 462 1516 488 unam
1539 462 1628 489 rem

63 502 278 557 publicam
318 502 472 543 facere.
533 505 578 543 ut
616 516 666 543 ex
705 516 791 543 uno
824 503 1039 556 quondam
1071 503 1115 543 in
1148 503 1252 544 duos
1284 504 1463 557 populos
1496 504 1629 545 divisa

65 559 235 600 Albana
273 573 337 600 res
378 561 463 611 est,
504 559 564 599 sic
602 573 715 599 nune
754 559 798 599 in
830 573 961 599 unum
992 559 1180 600 1·edeat.“
1240 560 1289 600 ad
1321 560 1425 601 haec
1457 560 1627 601 Albana

62 615 197 669 pubes
228 615 402 656 inermis
433 615 485 655 ab
517 615 690 655 armatis
714 618 861 668 saepta
882 615 923 655 in
948 615 1076 655 variis
1096 616 1391 657 voluntatibus
1415 617 1629 658 communi

61 674 205 712 tamen
244 673 360 712 metu
399 674 578 725 cogente
616 671 832 712 silentium
863 674 992 714 tenet.
1053 674 1145 712 tum
1176 671 1326 712 Tullus
1357 672 1514 725 „Metti
1547 673 1625 714 Fu-

62 727 168 768 feti“
204 728 366 782 inquit,
405 728 468 780 „si
505 727 595 781 ipse
636 727 796 768 discere
828 741 973 781 posses
1003 727 1129 768 fidem
1163 742 1211 768 ac
1241 728 1415 770 foedera
1447 743 1625 777 servare,

61 783 160 824 vivo
190 784 268 824 tibi
301 798 351 825 ea
379 784 604 838 disciplina
626 798 649 824 a
669 798 736 825 me
759 783 951 824 adhibita
972 786 1100 825 esset:
1132 798 1258 834 nunc,
1281 786 1484 838 quoniam
1505 789 1627 827 tuum

63 840 303 881 insanabile
342 840 565 894 ingenium
605 843 688 891 est,
730 842 774 881 at
811 843 857 881 tu
898 843 972 881 tuo
1011 841 1219 894 supplicio
1257 841 1358 881 doce
1389 842 1626 883 humanum

61 910 200 950 genus
240 911 289 937 ea
328 899 478 938 sancta
515 896 707 948 credere,
756 911 863 950 quae
902 911 926 937 a
962 899 1004 937 te
1044 897 1205 938 violata
1243 899 1354 938 sunt.
1416 900 1464 938 ut
1493 898 1627 951 igitur

60 952 188 1006 paulo
210 955 308 994 ante
331 954 516 994 animum
540 953 652 994 inter
674 953 920 994 Fidenatem
943 952 1263 1008 Romanamque
1285 968 1373 994 rem
1396 955 1626 1008 ancipitem

63 1009 256 1064 gessisti,
297 1009 357 1050 ita
397 1010 481 1050 iam
521 1023 673 1063 corpus
705 1010 862 1063 passim
894 1008 1216 1050 distrahendum
1248 1009 1413 1054 dabis.“
1474 1011 1624 1053 exinde

65 1065 227 1106 duabus
274 1066 457 1106 admotis
504 1066 721 1120 quadrigis
760 1066 803 1106 in
844 1079 990 1107 currus
1030 1080 1172 1106 earum
1204 1066 1437 1107 distentum
1468 1067 1625 1123 inligat

61 1120 280 1172 Mettium,
328 1122 479 1163 deinde
524 1124 569 1162 in
615 1122 828 1163 diversum
859 1122 940 1162 iter
980 1123 1076 1176 equi
1116 1123 1319 1164 concitati
1357 1123 1542 1165 lacerum
1580 1125 1626 1165 in

61 1180 244 1232 utroque
277 1192 400 1219 curru
433 1192 609 1232 corpus,
650 1193 733 1232 qua
763 1178 1037 1219 inhaeserant
1067 1179 1245 1220 vinculis
1276 1180 1486 1230 membra,
1528 1195 1625 1234 por-

876 1290 1042 1331 danken3
1081 1301 1118 1324 es
1153 1290 1221 1333 ist,
1261 1292 1331 1326 wie
1364 1291 1499 1335 ofters,
1539 1303 1623 1326 zum

58 1288 241 1334 Analogie
279 1299 350 1324 von
387 1290 588 1334 exemplum
624 1290 726 1325 edere
764 1290 806 1324 in

875 1335 983 1370 Pron.
1020 1346 1116 1380 pers.
1149 1336 1294 1380 gesetzt
1331 1336 1519 1380 (obgleich
1559 1337 1624 1371 der

58 1334 147 1378 aliq.
179 1338 234 1377 29,
267 1339 299 1378 9,
335 1339 393 1377 12;
427 1339 481 1374 27,
513 1339 545 1369 4.
578 1339 630 1378 21,
663 1340 716 1378 57,
751 1339 804 1369 14.

59 1378 163 1414 Caes.
182 1379 217 1414 b.
235 1390 269 1423 g.
292 1383 321 1422 1,
341 1384 393 1415 31.
430 1372 611 1415 Abuliche
630 1380 803 1425 Braehyl.
877 1380 1085 1425 Gegensatz
1103 1380 1183 1415 hier
1198 1381 1303 1415 nicht
1316 1381 1368 1414 im
1381 1381 1491 1415 Pron.
1506 1381 1623 1425 ruht,)

57 1424 128 1459 mit
156 1424 218 1467 in,
249 1424 299 1459 ad
329 1437 363 1460 u.
390 1436 422 1459 a.
446 1426 526 1459 sind
552 1425 613 1460 bei
637 1424 677 1460 L.
702 1426 806 1460 nicht
875 1427 951 1459 und
976 1425 1138 1460 vei-leiht
1156 1426 1372 1461 demselben
1389 1426 1624 1462 besonderen

57 1469 186 1504 selten.
216 1490 259 1494 -—
294 1470 548 1505 documentum
586 1470 738 1514 dedero,
776 1482 802 1505 s.
875 1470 1115 1514 Nachdruck,
1140 1471 1218 1515 vgl.
1247 1483 1275 1506 c.
1298 1475 1350 1514 12,
1370 1476 1400 1505 5.
1420 1476 1451 1514 2,
1469 1475 1523 1514 46,
1541 1477 1571 1507 6.
1592 1475 1622 1515 6,

57 1513 178 1549 Praef.
200 1518 250 1551 10.
288 1515 393 1550 Auch
413 1517 552 1550 docum.
571 1518 731 1551 statuere
749 1519 803 1558 24,

102 1609 134 1639 7.
160 1605 256 1648 quod
288 1605 418 1640 bonum
449 1605 614 1647 faustum
640 1606 803 1650 felioeque

55 1649 114 1691 sit,
141 1661 167 1683 s.
194 1661 238 1683 zu
264 1661 293 1684 0.
320 1654 376 1692 17,
404 1654 456 1688 10.
482 1675 524 1679 —
549 1651 746 1694 civitatem,
775 1663 802 1689 S.

57 1704 88 1728 0.
111 1699 162 1737 11,
181 1698 212 1729 2.
231 1695 387 1739 ——plebi
409 1723 416 1731 .
436 1699 597 1739 ‚pato-es,
624 1695 749 1731 <Plebs
771 1723 777 1730 .
796 1724 803 1731 .

58 1738 198 1780 Senat’,
226 1739 298 1774 den
323 1741 496 1783 sp'ateren
523 1741 806 1776 Verbaltnissen

57 1783 96 1818 111
133 1783 229 1818 Rom
266 1785 555 1829 entsmechend,
595 1785 653 1820 die
690 1786 728 1820 L.
766 1788 804 1820 in

58 1828 158 1863 Alba
189 1830 429 1865 voraussetzt.
455 1851 497 1856 -
522 1831 657 1874 urbem,
682 1831 801 1865 lokal:

57 1872 348 1909 Stadtverband.

101 1923 133 1954 8.
157 1919 199 1954 in
222 1920 340 1954 variis
363 1920 625 1962 voluntatibus,
652 1932 676 1956 s,
704 1933 748 1954 zu
774 1931 803 1955 0.

57 1968 111 2005 17,
130 1968 161 1998 3.
203 1964 410 2008 Gegensatz
437 1967 618 2000 communi
634 1970 741 2003 metu.
759 1987 802 1990 —

58 2012 157 2044 metu
165 2013 319 2054 eoqente,
334 2010 495 2044 namlich
505 2011 802 2056 Stillschweigen

55 2065 101 2088 zu
132 2053 368 2089 bewahren.*
400 2076 442 2080 —
467 2058 580 2098 tenet,
612 2056 799 2098 transitiv,

57 2099 330 2141 ‘beobachtet’,
370 2104 406 2143 5,
448 2105 478 2143 9,
521 2105 542 2135 4
582 2101 655 2135 und
695 2101 800 2139 Ovid,

55 2143 145 2179 Met.
168 2149 198 2188 1,
219 2149 284 2179 206
304 2145 391 2186 (Cic.
409 2146 466 2182 sil.
484 2156 591 2190 ayere
608 2146 699 2181 oder
715 2147 800 2189 uti),

55 2189 129 2234 vgl.
145 2190 314 2225 obtinuit.
338 2189 485 2225 Ebenso
505 2191 560 2225 oft
575 2191 800 2234 intransifflv,

55 2237 87 2276 3,
114 2238 168 2277 47,
196 2238 227 2272 6,
252 2239 307 2276 40,
335 2238 366 2277 8,
393 2239 449 2270 20.

103 2283 134 2317 9,
164 2280 242 2322 ipse
274 2280 429 2323 discere,
462 2279 690 2325 Gegensatz:
717 2282 802 2316 doce

55 2323 255 2359 humanum
283 2335 406 2369 yenus.
441 2346 484 2350 -
511 2326 711 2370 disciplina
736 2327 802 2361 ad-

54 2368 184 2410 hibita,
211 2369 285 2403 ‘ich
310 2369 415 2404 hatte
441 2370 498 2404 dir
523 2371 648 2405 diesen
668 2371 799 2406 Unter-

55 2413 153 2448 richt
171 2414 406 2457 angedeihen
422 2415 568 2449 lassen’.
606 2416 685 2459 tibi,
711 2415 797 2450 Dat.

58 2457 260 2501 commod,
285 2459 360 2503 vgl.
386 2463 420 2500 4,
445 2463 501 2503 44,
528 2464 558 2498 5.
585 2465 617 2503 5,
643 2465 674 2502 6,
700 2465 729 2498 3.
756 2481 799 2486 -

54 2513 173 2546 nune,
199 2509 254 2537 ‘so
280 2504 403 2547 aber',
429 2505 476 2538 ist
501 2505 560 2538 die
586 2505 648 2539 bei
672 2505 710 2541 L.
737 2517 798 2550 ge-

55 2547 293 2583 brauchliche
301 2548 687 2593 Adversativpartikel
705 2550 800 2584 nach

56 2593 207 2628 solchen
236 2593 397 2628 irrealen
428 2594 800 2629 Konditionals'atzen

56 2638 179 2681 (nicht
193 2639 281 2681 sed),
307 2639 383 2683 vgl.
401 2639 541 2684 grieoh.
562 2638 595 2674 εἰ
610 2667 616 2673 .
632 2666 638 2673 .
653 2639 725 2673 νῦν
745 2639 798 2676 δέ.

54 2685 110 2725 44,
142 2686 198 2726 31,
231 2687 268 2727 8;
305 2688 360 2726 42,
396 2689 428 2728 9,
461 2684 576 2718 durch
606 2694 688 2718 vero
718 2695 799 2719 ver-

54 2727 177 2762 st'arkt
211 2732 266 2772 45,
303 2732 335 2771 8,
372 2733 405 2763 4.
438 2749 480 2754 —-
505 2733 553 2764 at.
608 2728 682 2762 Das
720 2730 797 2773 (ab-

57 2770 280 2815 brechende)
294 2777 333 2809 at
347 2773 565 2809 bezeichnet
575 2774 644 2808 den
655 2773 799 2819 Gegen-

55 2816 135 2850 satz
173 2829 216 2852 zu
250 2818 334 2853 dem
367 2819 700 2863 vorhergehenden
725 2819 795 2854 Ge-

876 1519 932 1558 29,
959 1520 997 1556 2;
1025 1517 1124 1550 &fter
1147 1515 1244 1550 nach
1267 1516 1311 1556 si,
1339 1516 1484 1560 quodsi,
1510 1527 1540 1550 c.
1566 1521 1620 1560 41,

874 1565 905 1595 3.
932 1564 963 1602 3,
983 1565 1036 1603 17,
1057 1565 1094 1603 3;
1121 1565 1175 1604 56,
1196 1565 1236 1595 12
1255 1573 1291 1599 u,
1311 1564 1344 1597 ὃ.
1363 1582 1404 1586 -
1422 1562 1624 1606 ancipitem

873 1606 981 1649 inter,
1000 1605 1075 1650 vgl.
1094 1606 1208 1650 Verg.
1231 1610 1262 1648 5,
1283 1610 1349 1641 655
1366 1607 1576 1652 ambiguae.
1594 1634 1600 1642 .
1617 1638 1624 1645 .

873 1651 972 1685 inter
990 1678 996 1684 .
1025 1677 1032 1685 .
1050 1677 1058 1685 .
1078 1671 1118 1675 —
1138 1652 1294 1695 passim,
1318 1652 1415 1686 nach
1434 1652 1621 1687 verschie-

875 1696 996 1730 denen
1030 1696 1155 1741 (zwei)
1189 1695 1333 1738 Seiten,
1371 1696 1446 1741 vgl.
1477 1708 1622 1741 anceps,

923 1745 975 1775 10.
1004 1741 1148 1776 duabus
1179 1771 1187 1779 .
1221 1767 1229 1775 .
1254 1752 1399 1784 earum,
1431 1742 1524 1776 statt
1555 1743 1622 1777 der

874 1785 1360 1830 Participialkonstruktion
1409 1786 1451 1820 in
1490 1798 1622 1822 currus

874 1830 1034 1865 (lucorum
1070 1831 1303 1866 admotarum
1340 1831 1621 1876 quadrigarum,

874 1875 932 1910 die
951 1875 1031 1910 hier
1049 1876 1115 1909 der
1128 1875 1361 1920 Hauptregel
1378 1877 1471 1911 nach
1490 1877 1620 1912 stehen

873 1920 1022 1962 mfifste,
1041 1920 1106 1954 hat
1123 1920 1161 1954 L.
1180 1921 1249 1955 mit
1263 1920 1427 1965 Setzung
1444 1922 1509 1956 des
1529 1922 1618 1960 Gen.

872 1975 958 1999 vom
993 1965 1100 1999 Pron.
1134 1965 1335 2001 demonstr.
1365 1970 1520 2010 (earum)
1547 1967 1619 2002 den

871 2010 958 2045 Abl.
974 2010 1050 2045 abs..
1066 2011 1298 2054 angewandt,
1313 2023 1375 2045 um
1386 2011 1445 2046 die
1456 2012 1619 2047 Schwer—

871 2055 1060 2100 ffflligkeit
1080 2055 1145 2090 der
1164 2056 1436 2090 Konstruktion
1453 2057 1530 2092 und
1548 2057 1620 2092 den

873 2099 1122 2144 Gleichklang
1138 2113 1183 2134 zu
1203 2101 1436 2142 vermeiden;
1463 2113 1503 2136 so
1522 2102 1620 2137 &fter

873 2146 985 2188 (auch
1011 2146 1111 2189 Cic),
1135 2158 1163 2181 z.
1190 2146 1230 2181 B.
1257 2157 1286 2182 0.
1311 2151 1366 2190 43,
1387 2150 1437 2184 12.
1463 2151 1494 2189 3,
1514 2151 1568 2191 56,
1588 2152 1618 2183 9.

872 2195 927 2233 31,
959 2195 1014 2234 46,
1047 2194 1067 2225 4
1101 2203 1134 2226 u,
1168 2194 1200 2227 ὃ.
1249 2192 1356 2226 Auch
1380 2192 1431 2226 im
1457 2191 1618 2235 Griech.,

871 2248 900 2273 z,
918 2235 958 2271 B.
986 2235 1098 2270 Thue.
1117 2240 1149 2278 2,
1167 2240 1198 2271 8.
1218 2257 1258 2261 —
1276 2237 1319 2271 in
1335 2237 1519 2272 diversum
1537 2238 1618 2281 iter,

872 2280 983 2316 ‘nach
1002 2282 1378 2326 entgegengese’czter
1397 2282 1617 2327 Richtung’,

871 2337 940 2360 nur
968 2325 1050 2359 hier
1079 2327 1173 2361 statt
1201 2327 1244 2360 in
1275 2327 1458 2362 diversum
1490 2327 1614 2370 allein,

871 2383 900 2404 z.
930 2370 970 2405 B.
1003 2374 1057 2413 36,
1085 2375 1137 2413 10,
1165 2376 1183 2406 7
1211 2372 1296 2415 (vgl.
1323 2373 1365 2406 in
1389 2373 1618 2408 contrarium

870 2419 924 2458 28,
941 2420 998 2457 30,
1013 2419 1057 2456 9),
1077 2416 1167 2450 oder
1180 2416 1350 2461 haufiger
1365 2417 1511 2458 diversi,
1530 2430 1558 2451 z.
1575 2418 1614 2451 B.

871 2465 924 2502 10,
951 2464 1005 2500 33,
1035 2464 1085 2495 10.
1113 2460 1199 2506 Vgl.
1236 2461 1347 2505 Verg.
1373 2463 1463 2495 Aen.
1489 2466 1521 2503 8,
1548 2466 1613 2496 642

870 2505 963 2540 citae
979 2504 1137 2540 Mettum
1161 2507 1201 2540 in
1223 2507 1387 2541 diversae
1411 2507 1616 2551 quaclriyae

871 2550 1103 2585 distulercmt.
1135 2571 1179 2575 —
1211 2552 1402 2593 concitati,
1437 2562 1485 2585 sc.
1516 2556 1612 2587 sunt.

870 2615 912 2620 —-
947 2596 1105 2629 lacerum
1141 2595 1177 2629 in
1209 2596 1319 2630 klass.
1350 2595 1465 2630 Prosa
1495 2596 1614 2631 selten

870 2639 1037 2683 (Dichter
1073 2640 1147 2673 und
1185 2640 1266 2674 silb.
1304 2640 1411 2683 Lan).
1452 2660 1490 2664 —
1529 2652 1612 2685 qua,

871 2684 934 2719 ‘da
962 2712 967 2718 .
997 2711 1005 2720 .
1032 2690 1117 2726 ww,
1152 2685 1263 2719 sowie
1297 2686 1391 2719 eben
1421 2685 1516 2720 nach
1547 2687 1614 2721 der

870 2730 979 2764 einen
1017 2728 1106 2763 oder
1144 2729 1210 2763 der
1246 2730 1387 2765 andern
1420 2731 1519 2765 Seite
1550 2731 1615 2766 hin

870 2774 929 2808 die
961 2774 1263 2818 Korperstt'icken
1287 2775 1325 2809 in
1356 2775 1427 2810 den
1460 2775 1615 2811 Banden

870 2819 1018 2864 haugen
1045 2819 1206 2855 blieben.
1233 2840 1276 2845 -
1301 2820 1459 2856 lacerum
1480 2848 1486 2856 .
1506 2832 1614 2866 420⁹·-

1657 238 1676 269 7

1653 575 1673 607 8

1651 687 1671 718 9

1654 1024 1695 1056 10
