1799 3105
127 87 184 129 24

686 85 829 120 LIBER
857 85 918 120 lV.

964 85 1064 121 CAP.
1096 90 1147 122 10.
1436 107 1460 124 a.
1476 107 1502 125 u.
1517 107 1540 126 c.
1556 101 1616 126 311.
1626 101 1690 127 812.

81 206 101 236 3
129 208 224 236 3003
258 209 362 237 0330.
404 195 498 237 (10(11
530 196 858 249 imperatorem,
891 209 1011 236 arma
1043 195 1147 249 poni
1178 195 1318 249 iubet,
1349 195 1534 238 fatentes
1561 196 1699 238 victos

128 268 174 296 se
207 269 300 296 esse
339 254 519 309 imperio
560 268 727 308 ραι-010,
769 253 895 296 aliter
932 257 1024 296 tam
1064 254 1317 296 abeuntibus
1357 269 1485 310 quam
1525 270 1698 298 manen-

127 312 244 355 tibus
278 328 322 355 se
354 314 524 355 hostem
566 313 772 355 infestum
807 313 1032 355 victoriam
1074 313 1220 368 potius
1266 328 1317 356 ex
1355 312 1526 357 Volscis
1569 329 1697 370 quam

81 385 101 415 4
127 387 277 427 pacem
317 373 494 414 infidam
526 371 709 414 Romam
748 373 997 415 relatuiffum
1058 372 1208 414 Volsci
1250 373 1450 429 exiguam
1491 388 1609 429 spem
1653 374 1698 417 in

128 432 279 486 armis,
310 432 396 473 alia
428 431 619 487 undique
652 432 837 487 abscisa,
871 446 966 474 cum
998 435 1309 487 temptassent,
1321 410 1519 487 ”praeter
1556 435 1698 475 ceteia

129 491 307 532 adversa
338 492 431 534 loco
461 505 631 546 quoque
659 491 806 546 iniquo
835 492 888 533 ad
915 505 1103 548 pugnam
1131 492 1368 547 congressi,
1400 492 1612 547 iniquiore
1645 492 1698 534 ad

128 550 296 605 fugam,
330 564 425 592 cum
458 550 510 592 ab
539 551 656 592 omni
683 553 804 606 parte
832 551 1127 605 caederentur,
1161 551 1213 592 ad
1239 566 1388 617 preces
1415 566 1441 593 a
1466 552 1699 594 certamine

128 609 241 663 versi
267 584 412 652 d’edito
440 610 701 664 imperatore
726 610 986 665 traditisque
1013 611 1144 652 armis
1172 611 1250 652 sub
1276 611 1428 665 iugum
1454 611 1577 653 missi
1603 625 1699 654 cum

82 681 102 711 5
129 668 316 723 singulis
343 670 614 711 vestimentis
641 669 906 725 ignominiae
933 670 1151 724 cladisque
1177 670 1294 725 pleni
1321 670 1609 713 dimittuntur.
1656 673 1700 713 et

129 742 226 769 cum
246 728 361 770 haud
377 728 526 783 procul
545 729 648 770 urbe
662 728 848 770 Tusculo
872 729 1179 784 consedissent,
1201 732 1342 771 vetere
1356 729 1698 772 Tusculanorum

129 786 227 829 odio
248 787 434 830 inermes
456 788 652 843 oppressi
672 788 882 830 dederunt
903 802 1063 842 poenas
1085 789 1155 830 vix
1175 789 1340 830 nuntiis
1362 789 1503 831 caedis
1525 789 1697 831 relictis.

249 847 471 889 Romanus
506 847 672 889 Ardeae
706 848 902 889 turbatas
937 847 1146 889 seditione
1185 862 1252 889 res
1295 848 1563 905 principibus
1605 848 1697 890 eius

130 909 274 948 motus
308 908 445 948 securi
479 907 693 961 percussis
722 907 932 962 bonisque
960 921 1107 948 eorum
1132 907 1177 948 in
1204 907 1425 961 publicum
1446 907 1699 950 Ardeatium

128 965 314 1008 redactis
348 967 609 1021 composuit,
641 966 949 1022 demptamque
987 966 1189 1008 iniuriam
1227 966 1377 1008 iudicii
1414 970 1538 1009 tanto
1576 967 1700 1008 bene·

129 1024 228 1066 ficio
277 1025 429 1080 populi
472 1025 658 1075 Romani
699 1025 913 1068 Aideates
964 1026 1212 1080 eredeba11t3
1258 1021 1428 1068 senatui
1474 1039 1699 1081 superesse

130 1083 295 1139 aliquid
323 1085 377 1126 ad
405 1085 634 1127 delendum
657 1085 857 1140 publicae
879 1085 1089 1127 avaritiae
1110 1088 1437 1127 monumentum
1458 1085 1700 1128 videbatur.

85 1156 102 1185 7
132 1143 282 1185 consul
325 1144 600 1199 triumphans
644 1145 687 1186 in
728 1145 879 1187 mbem
920 1144 1033 1186 redit
1074 1143 1251 1201 Cluilio,
1293 1145 1398 1187 duce
1431 1145 1701 1199 Volscorum,

130 1204 230 1244 ante
276 1217 447 1245 currum
492 1204 619 1246 ducto
665 1204 958 1270 praelatisque
1006 1202 1176 1259 spoliis,
1225 1178 1379 1271 q⁷uibus
1431 1204 1699 1246 dearmatum

131 1263 363 1305 exercitum
397 1263 591 1305 hostium
627 1264 704 1304 sub
738 1264 887 1320 iugum
920 1263 1109 1305 miserat.

249 1322 487 1377 Aequavit,
520 1323 634 1378 quod
666 1299 811 1364 haudo
815 1323 940 1365 facile
974 1326 1058 1377 est,
1091 1322 1314 1372 Quinctius
1349 1324 1497 1365 consul
1524 1326 1700 1378 togatus

132 1381 290 1423 armati
322 1382 507 1437 gloriam
540 1383 751 1438 collegae,
784 1382 884 1437 quia
917 1382 1170 1424 concordiae
1202 1382 1406 1437 pacisque
1439 1383 1701 1424 domesticae

132 1454 277 1482 curam
311 1441 405 1482 iura
436 1442 597 1483 infimis
631 1442 894 1496 summisque
927 1441 1188 1483 modeiando
1221 1442 1284 1483 ita
1316 1442 1475 1497 tenuit,
1513 1443 1564 1483 ut
1603 1455 1700 1482 eum

132 1502 175 1541 et
206 1504 353 1555 patres
387 1515 584 1543 severum
617 1501 837 1543 consulem
871 1503 914 1542 et
945 1500 1068 1555 plebs
1103 1500 1209 1542 satis
1238 1515 1402 1543 comem
1429 1500 1701 1543 crediderint.

84 1571 104 1602 9
132 1561 175 1601 et
208 1559 414 1601 adversus
447 1560 644 1601 tribunos
678 1560 939 1602 auctoritate
971 1560 1095 1614 plura
1130 1575 1258 1614 quam
1285 1560 1515 1602 certamine
1541 1560 1701 1614 tenuit3

132 1618 319 1674 quinque
353 1619 603 1660 consulatus
638 1619 789 1661 eodem
822 1622 972 1661 tenore
1012 1619 1124 1675 gesti
1158 1619 1332 1674 vitaque
1371 1619 1510 1661 omnis
1549 1633 1699 1661 consu-

130 1678 280 1720 lariter
312 1681 409 1721 acta
441 1678 674 1720 verendum
706 1693 842 1734 paene
873 1680 1017 1733 ipsum
1051 1679 1189 1733 magis
1224 1693 1351 1733 quam
1390 1678 1597 1721 honorem
1638 1677 1700 1720 fa-

82 859 101 889 6

83 1334 102 1365 8

179 1786 210 1817 3.
231 1784 378 1828 parere]
396 1783 507 1818 naml.
535 1794 602 1826 eos,
619 1783 779 1818 welches
793 1794 880 1817 man

131 1840 197 1865 vor
221 1833 374 1874 fatentes
400 1842 443 1864 zu
470 1830 618 1865 denken
643 1831 719 1866 hat.

179 1878 300 1923 aliter]
317 1889 423 1912 wenn
445 1889 482 1913 es
498 1878 632 1913 anders
646 1881 756 1921 w‘are,
772 1889 879 1913 wenn

133 1924 212 1960 dies
238 1924 345 1960 nicht
370 1926 573 1970 geschehc,
597 1923 746 1960 sonst'.

179 1977 212 2007 4.
251 1974 293 2008 iu
331 1973 460 2019 armis]
494 1954 665 2008 Atti-ibut
702 1985 746 2007 zu
770 1984 880 2030 spem,

127 2017 287 2055 'welche
314 2020 368 2056 sie
395 2021 462 2055 auf
485 2020 545 2055 die
571 2019 631 2055 W
659 2017 818 2055 setzten’
825 2050 830 2054 .

180 2068 336 2113 abscisa]
368 2068 449 2112 Vgl.
477 2072 531 2112 24,
549 2072 603 2112 30,
621 2072 663 2103 12
690 2078 749 2113 3ρο
768 2068 877 2103 undi-

134 2126 200 2160 que
225 2116 377 2150 absczsa.

183 2173 263 2197 cum
289 2163 533 2208 temptassent]
550 2181 584 2190 Ξ
604 2166 879 2208 temptaverunt,

134 2210 204 2246 sed.

180 2258 322 2303 iugum]
351 2261 382 2299 3,
400 2261 454 2299 28,
474 2262 514 2291 11
541 2258 659 2292 tribus
684 2258 797 2292 hastis
822 2258 878 2291 iu-

133 2315 218 2351 gum
243 2305 295 2348 fit,
321 2305 422 2339 humi
440 2306 526 2347 fiaeis
545 2305 688 2339 duabus
707 2315 882 2348 superque

134 2362 194 2387 eas
218 2356 426 2387 transversa
450 2363 528 2387 una
553 2353 721 2397 deligata.

182 2403 214 2435 5.
239 2400 338 2435 haud
358 2400 490 2444 procul
505 2399 607 2445 urbe]
629 2400 761 2444 procul
786 2398 879 2433 wird

133 2446 196 2482 bei
215 2446 396 2481 Dichtern
416 2447 491 2480 und
517 2447 555 2481 in
582 2448 648 2481 der
667 2446 783 2481 Prosa
808 2446 881 2480 seit

134 2493 261 2528 Livius
292 2493 530 2539 gewfflhnlich
563 2494 617 2528 als
644 2493 881 2538 Pr'aposition

134 2541 204 2576 mit
239 2541 322 2576 dem
360 2541 498 2576 blossen
535 2541 617 2576 Abl.
654 2541 879 2584 verbunden,

136 2589 299 2623 seltener
324 2588 394 2623 mit
418 2590 475 2624 ab.

181 2641 293 2672 vetere
320 2636 610 2671 Tusculanorum
644 2637 740 2682 odio]
772 2654 807 2664 =
835 2637 881 2670 ab

139 2683 357 2719 Tusculanis
377 2684 418 2718 ob
444 2688 542 2719 vetus
570 2684 703 2719 odium.
741 2683 883 2717 Jedoch

136 2742 259 2765 waren
295 2730 355 2765 die
382 2731 613 2765 Tusculaner
638 2730 737 2766 wohl
762 2731 883 2765 mehr-

135 2778 229 2812 mals
261 2789 335 2813 von
368 2778 440 2812 den
470 2779 643 2822 Aequern
679 2778 883 2812 fiberfallen

135 2824 288 2860 worden
314 2828 360 2869 (3,
375 2830 430 2869 23,
449 2831 483 2868 1;
507 2830 563 2869 31,
579 2829 615 2868 3;
639 2830 694 2869 38,
711 2828 756 2870 5),
779 2824 885 2859 nicht

137 2871 226 2906 aber
251 2882 326 2906 von
352 2872 424 2907 den
450 2872 650 2907 Volskern.

1000 1784 1062 1819 vix
1087 1784 1232 1818 nuntiis
1258 1784 1376 1819 caedis
1402 1783 1480 1829 reb]
1518 1781 1700 1819 fiber-trei-

953 1831 1073 1865 bende
1105 1831 1326 1866 Redensart.
1368 1830 1453 1876 Vgl.
1479 1830 1576 1866 Hirt.
1602 1830 1637 1865 b.
1659 1829 1701 1864 G.

954 1882 985 1921 8,
1002 1882 1043 1913 21
1083 1879 1146 1913 vix
1177 1879 1351 1924 refuyisse
1381 1879 1532 1914 ‘nuutios
1563 1877 1704 1920 caedi8;

954 1924 1030 1960 Cic.
1050 1925 1180 1971 Pomp.
1201 1929 1290 1968 §25-

1002 1989 1033 2020 6
1054 1985 1260 2031 publicum]
1283 1986 1524 2030 inpublieum
1542 1985 1704 2037 rediyere

948 2029 1048 2066 'zum
1082 2032 1298 2077 Staatsgute
1332 2031 1614 2077 schlagen,f1’1r
1641 2031 1701 2066 (110

955 2079 1190 2114 Staatskasse
1211 2076 1442 2113 einziehen'·
1439 2060 1561 2124 e'Kap
1592 2083 1645 2122 15,
1661 2083 1700 2121 8;

954 2131 985 2171 2,
1001 2131 1033 2169 5,
1050 2132 1114 2161 1u.
1129 2130 1185 2169 42,
1201 2130 1232 2161 2.

1002 2186 1149 2231 iudi'czi]
1178 2185 1243 2219 des
1270 2185 1361 2230 Kap.
1387 2190 1416 2228 1,
1432 2189 1453 2220 4
1474 2185 1702 2220 erwahnten.

1002 2245 1160 2290 aliquid]
1190 2244 1249 2278 (110
1270 2244 1472 2290 Anlegung
1498 2244 1601 2280 einer
1627 2244 1700 2279 Κο-

955 2291 1052 2326 101110
1080 2290 1117 2326 111
1144 2292 1283 2334 Ardea3
1310 2292 1404 2337 Kap.
1433 2297 1486 2336 11,
1503 2297 1535 2329 3.

1000 2352 1287 2397 mouumentum]
1332 2351 1403 2386 den
1450 2351 1547 2386 noch
1580 2352 1703 2386 beste-

952 2399 1099 2433 henden
1111 2397 1411 2434 Volksbcschluss
1422 2399 1513 2434 fiber
1523 2398 1584 2434 die
1593 2399 1702 2434 Feld-

955 2446 1062 2481 mark
1088 2457 1161 2481 von
1188 2445 1337 2482 Corioli.

1003 2509 1035 2541 8.
1057 2506 1291 2551 moderando]
1303 2502 1449 2540 ‘indem
1463 2516 1502 2540 er
1518 2534 1524 2539 .
1542 2535 1547 2539 .
1566 2534 1571 2539 .
1586 2505 1626 2539 in
1639 2516 1702 2550 ge-

955 2552 1187 2588 bfihrendem
1212 2552 1322 2587 Maste
1348 2549 1529 2588 zuteilte'.

1005 2615 1036 2647 9.
1063 2613 1194 2657 tenuit]
1203 2630 1238 2641 =
1246 2613 1405 2648 obtinuit
1417 2611 1703 2656 (durchsetzen).

1004 2671 1121 2706 eodem
1131 2668 1273 2716 tenores
1282 2671 1321 2705 in
1331 2667 1701 2705 demselbenGeiste'.

958 2723 1122 2761 40,12,7
1149 2720 1224 2754 alio
1250 2720 1344 2754 vitae
1368 2722 1512 2753 nostrae
1538 2722 1668 2753 tenore.

1006 2777 1259 2822 consulariter]
1283 2774 1368 2811 ‘auf
1383 2776 1465 2811 eine
1486 2776 1588 2811 eines
1607 2775 1703 2812 Kon-

959 2825 1034 2859 suls
1061 2824 1229 2870 wiirdige
1250 2820 1403 2858 Weise'.
1455 2823 1530 2858 Das
1550 2823 1703 2859 Adverb

959 2872 1075 2906 findet
1102 2871 1181 2906 sich
1207 2882 1276 2905 nur
1302 2870 1393 2907 hier.
