1799 3105
87 1194 130 1224 10

162 128 218 169 90
713 126 854 160 Llssnn
884 127 940 161 lv.
986 125 1087 161 CAP.
1116 130 1169 162 53.

1465 147 1488 165 a.
1506 147 1531 165 u.
1547 147 1572 166 o.
1589 140 1717 167 344.³45.

162 233 360 288 praebuit
390 234 611 276 iustiorem
647 248 818 275 causam
854 234 1081 276 resistendi
1106 235 1309 290 collegae.
1359 235 1505 290 itaque
1531 249 1625 277 cum
1655 249 1720 276 res

161 293 230 334 diu
264 293 390 334 ducta
424 308 498 348 per
530 293 852 334 altercationem
883 297 1015 348 esset,
1041 294 1287 336 consulibus
1313 294 1415 336 deos
1441 293 1721 349 hominesque

159 352 440 405 testantibus,
468 351 671 406 quidquid
699 352 751 393 ab
780 352 975 393 hostibus
1002 353 1135 394 cladis
1162 353 1510 408 ignominiaeque
1537 356 1612 395 aut
1637 353 1720 394 iam

160 414 378 464 acceptum
414 414 527 451 esset
559 415 633 451 aut
667 411 926 465 immineret,
959 412 1129 466 culpam
1173 426 1302 466 penes
1335 411 1579 453 Menenium
1619 411 1722 466 fore,

160 470 229 523 qui
265 469 468 510 dilectum
500 469 744 524 impediret,
777 469 976 512 Menenio
1009 474 1159 512 contra
1191 471 1469 525 vociferante,
1503 471 1539 512 si
1571 470 1721 513 iniusti

159 528 317 569 domini
362 529 630 582 possessione
670 529 761 582 agri
800 529 959 583 publici
997 529 1210 582 cederent,
1250 544 1294 570 se
1339 543 1503 571 moram
1547 529 1723 571 dilectui

159 601 241 627 uon
274 586 428 641 facere,
461 587 630 629 decreto
663 588 918 642 interposito
951 602 1104 629 novem
1136 588 1301 629 tribuni
1334 588 1604 630 sustulerunt
1636 602 1721 630 cer-

160 647 316 699 tamen,
349 646 820 701 pronuntiaveruntque
847 662 897 688 ex
924 647 1096 702 collegii
1123 648 1338 689 sententia
1359 645 1405 689 C.
1424 646 1600 689 Valerio
1627 661 1723 689 con-

158 704 240 745 suli
262 719 324 758 se,
350 704 550 746 damnum
574 705 788 760 aliamque
815 706 1115 748 coercitionem
1143 706 1346 748 adversus
1373 706 1719 748 intercessionem

158 763 348 818 collegae
370 763 549 805 dilectus
572 779 700 806 causa
721 764 1061 806 detractantibus
1084 764 1281 806 militiam
1311 765 1542 820 inhibenffi,
1562 764 1722 806 auxilio

157 821 324 863 futuros
346 836 449 864 esse.
528 823 611 864 hoc
643 823 810 865 decreto
844 824 991 865 consul
1030 828 1220 867 armatus
1259 838 1353 865 cum
1391 823 1539 878 paucis
1578 824 1720 879 appel-

158 881 346 922 lantibus
368 882 587 923 tribunum
609 883 764 924 collum
786 883 1126 938 torsisset‚metu
1141 883 1270 924 ceteri
1287 885 1553 924 sacramento
1567 882 1722 925 dixere.

281 951 442 994 Ductus
475 953 685 995 exercitus
725 953 777 994 ad
811 951 1126 995 Carventanam
1165 968 1321 1008 arcem,
1362 968 1619 1008 quamquam
1657 953 1721 995 in-

159 1010 275 1051 visus
308 1011 575 1066 infestusque
607 1012 771 1054 consuli
805 1015 914 1067 erat,
945 1012 1131 1066 impigre
1169 1013 1308 1067 primo
1346 1012 1495 1054 statim
1533 1012 1720 1054 adventu

157 1068 351 1124 deiectis,
384 1070 457 1125 qui
487 1071 532 1111 in
564 1072 778 1125 praesidio
813 1074 950 1126 erant,
984 1086 1123 1114 arcem
1156 1071 1326 1126 recipit3
1358 1071 1633 1126 praedatores
1673 1086 1721 1113 ex

158 1128 372 1182 praesidio
406 1144 481 1184 per
512 1130 833 1185 neglegentiam
867 1130 1023 1185 dilapsi
1057 1131 1323 1172 occasionem
1351 1144 1555 1185 aperuere
1582 1129 1634 1172 ad
1661 1130 1721 1171 in-

159 1187 411 1230 vadendum.
479 1189 662 1242 praedae
704 1205 751 1231 ex
797 1189 981 1231 assiduis
1021 1189 1391 1245 populationibus,
1429 1189 1542 1244 quod
1580 1188 1722 1230 omnia

157 1246 199 1287 in
245 1247 385 1288 locum
431 1250 573 1289 tutum
615 1251 820 1303 congesta
859 1252 999 1303 erant,
1044 1249 1126 1290 fuit
1169 1249 1449 1303 aliquantum.
1500 1247 1719 1289 venditum

205 1402 236 1432 5.
267 1399 385 1442 itaque
420 1399 555 1442 gehort
588 1411 670 1432 zum
698 1400 903 1445 Hauptsatz

155 1445 292 1480 decreto
318 1447 528 1491 interposito
555 1448 624 1480 etc.

204 1516 295 1561 fore]
333 1516 440 1550 nicht
475 1527 545 1551 esse
579 1521 646 1551 aut
681 1518 779 1560 fore,
818 1517 903 1551 weil

156 1563 349 1598 Menenius
387 1564 481 1598 auch
517 1564 575 1598 fiir
610 1564 670 1599 (lie
706 1565 821 1599 schon
849 1575 902 1598 er-

158 1610 287 1644 littene
327 1610 509 1645 Schmach
546 1611 605 1646 die
640 1611 779 1646 Schuld
806 1612 902 1646 noch

157 1657 286 1702 langer
313 1658 406 1692 wird
432 1660 564 1702 tragen
589 1663 748 1693 miissen.

205 1733 235 1763 6.
251 1730 422 1772 cederent,
437 1739 493 1764 se.
513 1758 517 1763 .
536 1758 541 1762 .
555 1730 688 1774 facere]
714 1729 753 1763 in
774 1728 901 1763 Oratio

157 1778 275 1810 recta:
298 1777 426 1811 cedunt
444 1805 448 1810 .
467 1805 472 1810 .
491 1778 628 1821 facio,
649 1777 754 1811 nicht
773 1776 900 1819 Futm,

157 1823 242 1857 weil
269 1834 307 1858 er
333 1823 449 1858 sofort
475 1824 569 1858 dazu
594 1823 715 1859 bereit
739 1823 799 1858 ist.

203 1894 340 1930 decreto
375 1895 600 1940 interposito]
641 1894 725 1939 Vgl.
765 1898 795 1938 3,
811 1898 902 1938 46‚3

156 1942 215 1977 ius
250 1952 288 1977 eo
323 1943 381 1976 die
415 1953 450 1977 se
484 1953 559 1977 non
584 1943 766 1977 dicturum
792 1953 904 1986 neque

154 1990 333 2024 decretum
350 1991 650 2034 interpositarum
672 1988 796 2031 (einen
814 1989 900 2023 Ent-

159 2036 285 2071 scheid
312 2035 460 2080 fallen);
490 2036 562 2071 Cio
590 2037 629 2070 in
657 2036 757 2071 Verr.
785 2041 817 2079 2,
835 2041 901 2071 119

156 2085 247 2128 quin
274 2085 305 2118 is
330 2085 375 2118 ab
402 2084 538 2119 Siculis
563 2085 605 2118 ob
631 2085 771 2119 decreta
791 2084 900 2119 inter·

151 2131 324 2175 ponenda
344 2132 522 2175 pecunias
549 2132 688 2175 ceperit.

206 2206 235 2236 7.
287 2212 330 2236 esc
380 2202 518 2246 collegii
566 2202 757 2246 sententia]
818 2200 902 2245 Vgl.

157 2247 249 2293 Kap.
277 2253 332 2291 44,
351 2253 404 2282 12.

206 2308 379 2343 damnum
398 2336 403 2341 .
422 2336 427 2341 .
446 2336 451 2341 .
468 2307 660 2351 inhibenti]
684 2306 717 2340 d.
739 2306 774 2340 h.
797 2316 902 2340 wenn

158 2366 213 2397 er,
254 2366 313 2388 um
354 2354 414 2389 die
454 2353 685 2397 Aushebung
723 2353 898 2387 dnrchzu-

158 2402 306 2445 fiihren‚
334 2403 428 2436 trotz
455 2401 520 2436 cler
546 2400 773 2445 Einsprache
800 2399 898 2433 ihi-es

159 2449 421 2484 Amtsbruders
457 2459 577 2493 gegen
691 2447 772 2481 eine
811 2447 899 2480 Ver-

157 2495 412 2541 mogensbusse
469 2496 557 2530 oder
616 2494 697 2529 eine
764 2494 899 2528 andere

157 2542 507 2588 Zwangsmassregel
556 2542 745 2576 anwende.
814 2541 898 2584 Vgl.

157 2592 228 2626 vim
273 2591 432 2625 inhibere
480 2590 595 2624 alicui
645 2589 736 2633 Kap.
760 2593 814 2632 56,
841 2593 898 2629 103

158 2638 311 2673 inhibito
336 2639 532 2672 salubriter
556 2637 658 2671 modo
684 2637 819 2670 nimiae
834 2646 898 2680 po-

158 2686 278 2720 testati
299 2689 330 2727 3,
348 2689 402 2727 59,
422 2690 456 2725 13
489 2683 563 2718 Cic.
596 2683 693 2717 Phil.
724 2686 833 2726 13,37
860 2687 902 2717 ut

161 2733 348 2767 ...eadem
373 2732 548 2766 inhiberet
572 2731 754 2775 supplicia
785 2730 899 2764 nobis.

207 2802 361 2848 auxilio]
397 2801 458 2836 Sie
485 2802 621 2836 wollen
648 2801 732 2835 dem
758 2800 899 2834 Konsul

159 2848 368 2892 beistehen,
396 2860 503 2883 wenn
527 2847 718 2883 Menenius
745 2847 810 2881 ihn
830 2857 899 2881 we-

160 2906 233 2941 gen
252 2894 498 2940 Missachtung
536 2895 657 2931 seiner
671 2894 898 2939 Einsprache

978 1399 1172 1434 verhaften
1189 1399 1263 1433 und
1278 1409 1344 1433 vor
1356 1399 1440 1433 dem
1455 1397 1722 1442 Volksgericht

978 1446 1173 1490 verfolgen
1200 1446 1336 1480 wiirde.
1383 1445 1452 1480 Die
1473 1445 1720 1480 lntercession

978 1494 1097 1528 selbst
1116 1493 1265 1528 konnen
1285 1493 1337 1527 sie
1357 1493 1463 1527 nicht
1476 1494 1718 1536 untemagem

977 1552 1014 1576 es
1061 1540 1207 1585 gelingt
1247 1539 1360 1574 ihnen
1395 1540 1484 1574 aber
1521 1539 1588 1574 auf
1617 1539 1720 1574 diese

976 1587 1102 1622 Weise
1135 1588 1205 1622 den
1231 1586 1421 1622 Menenius
1454 1586 1720 1621 einzuschfieh-

976 1637 1068 1669 tern.

1024 1698 1055 1729 8.
1100 1692 1278 1738 armatus]
1330 1692 1400 1727 wie
1450 1691 1567 1726 durch

977 1740 1118 1776 Schild.
1138 1740 1222 1785 Vgl.
1244 1739 1317 1774 Cic.
1338 1752 1373 1784 p.
1396 1739 1473 1774 Mil.
1496 1742 1540 1774 70
1559 1749 1627 1784 quo
1646 1750 1720 1774 uno

975 1789 1150 1824 versiculo
1183 1788 1274 1822 satis
1311 1788 1447 1822 armati
1479 1797 1614 1831 semper
1639 1796 1719 1821 con-

975 1836 1069 1871 sules
1092 1836 1252 1879 fuerunt.

1024 1895 1153 1930 collum
1167 1893 1340 1938 torsisset]
1362 1892 1410 1926 Er
1429 1891 1506 1927 liess
1519 1891 1634 1927 ihnen
1649 1891 1719 1926 den

976 1941 1066 1976 Hals
1091 1941 1314 1983 umdrehen,
1348 1940 1381 1974 d.
1414 1940 1450 1974 h.
1478 1938 1531 1974 sie
1555 1938 1625 1973 mit
1649 1938 1719 1973 Ge—

980 1989 1067 2023 walt
1103 1987 1380 2023 herbeiffihren.
1444 1986 1529 2031 Vgl.
1569 1984 1643 2020 Cic.
1683 1998 1718 2030 p.

977 2035 1119 2070 Cluent.
1160 2039 1203 2070 59
1239 2039 1280 2070 ut
1314 2035 1419 2069 illum
1448 2036 1720 2078 persequeretur

976 2087 1007 2118 et
1021 2084 1108 2118 collo
1129 2083 1264 2117 obtorto
1284 2082 1333 2116 ad
1343 2080 1513 2116 subsellia
1525 2080 1717 2115 reduceret.

1611 1690 1720 1727 einen

1024 2157 1056 2188 9.
1093 2152 1248 2197 invisus]
1285 2151 1358 2185 Das
1400 2150 1497 2185 Heer
1532 2160 1608 2184 war
1633 2149 1715 2184 dem

978 2200 1119 2234 Konsul
1152 2197 1326 2241 verhasst,
1361 2197 1446 2232 weil
1482 2208 1520 2232 es
1547 2196 1627 2232 sich
1653 2196 1719 2230 der

977 2246 1205 2290 Aushebung
1231 2245 1444 2280 widersetzt
1475 2244 1580 2279 hatte
1607 2243 1717 2287 (mili-

977 2295 1067 2330 tiam
1086 2295 1286 2335 abnuerat;
1305 2292 1379 2336 vgl.
1399 2295 1418 2335 ξ
1441 2293 1509 2336 10),
1532 2291 1607 2325 und
1626 2290 1719 2325 iiber

977 2341 1041 2375 ihn
1068 2341 1249 2375 erbittert.

1019 2411 1177 2457 deiectis]
1206 2410 1288 2445 Abl.
1301 2411 1396 2452 abs.;
1413 2408 1486 2453 vgl.
1503 2408 1596 2453 Kap.
1614 2411 1668 2451 30,
1685 2411 1716 2442 9.

1015 2483 1248 2526 praedatores
1271 2510 1275 2515 .
1294 2510 1299 2515 .
1318 2509 1323 2515 .
1345 2479 1494 2525 dilapsi]
1529 2478 1594 2513 der
1630 2477 1716 2512 Um-

974 2529 1100 2572 stand‚
1129 2527 1203 2563 dass
1229 2527 1289 2562 cin
1310 2527 1391 2562 Teil
1419 2526 1484 2560 der
1503 2525 1717 2569 Besatzung

974 2576 1053 2610 sich
1089 2575 1250 2610 entfernt
1283 2575 1403 2618 hatte,
1435 2584 1496 2607 um
1521 2571 1638 2607 Beute
1673 2582 1717 2605 zu

972 2623 1141 2658 machen.

1020 2694 1240 2728 occasionem
1273 2690 1460 2737 aperuere]
1496 2689 1579 2734 Vgl.
1621 2688 1713 2733 Kap.

974 2745 1014 2776 31
1045 2745 1076 2775 2.

1021 2769 1076 2834 lo.
1121 2797 1319 2842 venditum]
1366 2794 1435 2829 mit
1483 2795 1714 2839 aliquantum

972 2843 1327 2880 iibereinstimmend
1353 2842 1543 2887 (=omnia
1567 2841 1716 2877 vendere

976 2921 981 2926 .
1000 2921 1005 2926 .
1024 2921 1029 2926 .
1045 2896 1106 2936 et).
