1799 3105
601 65 745 100 LIBER
770 65 832 101 III.
885 65 986 101 CAP.
1014 70 1069 101 60.
1098 70 1152 102 61.
1607 66 1664 109 99

102 84 128 102 a.
142 76 216 116 ·Chr.
237 84 265 102 n.
287 77 349 102 449.

103 175 236 218 tando
269 177 486 217 certamen
519 175 659 230 Aequi
690 173 940 230 Volscique,
973 177 1203 230 postquam
1235 189 1486 216 concessum
1515 191 1664 231 prope-

104 235 277 277 modum
304 233 354 276 de
382 234 563 276 victoria
589 235 830 288 credebant,
856 249 957 289 pars
982 235 1028 275 in
1054 234 1276 288 Hernicos,
1295 249 1395 288 pars
1420 235 1466 275 in
1487 234 1664 277 Latinos

102 294 356 349 praedatum
390 294 561 335 abeunt.
610 294 866 349 relinquitur
898 294 1038 349 magis
1068 293 1220 336 castris
1248 293 1507 348 praesidium
1535 309 1665 349 quam

103 353 207 395 satis
240 353 394 395 virium
429 353 481 395 ad
515 356 743 395 certamen.
787 353 899 408 quod
937 353 1013 394 ubi
1047 354 1195 395 consul
1234 353 1386 407 sensit,
1423 353 1563 395 reddit
1600 355 1662 395 in·
1690 365 1710 396 5

100 413 235 454 latum
269 416 397 454 antea
428 415 637 454 terrorem
675 412 972 467 instructaque
1004 413 1093 454 acie
1131 413 1245 454 ultro
1277 412 1446 454 hostem
1478 413 1662 454 lacessit.

98 472 173 514 ubi
203 473 268 513 illi
296 472 578 526 conscientia,
610 472 712 526 quid
741 472 910 513 abesset
945 471 1120 524 virium,
1148 472 1440 514 detractavere
1460 485 1663 527 pugnam,
1691 485 1710 515 6

101 532 234 573 crevit
266 531 482 585 extemplo
514 530 724 572 Romanis
758 531 944 585 animus,
987 533 1028 572 et
1065 546 1142 585 pro
1180 531 1305 573 victis
1340 531 1561 573 habebant
1591 547 1664 587 pa-

98 593 245 632 ventes
278 592 393 632 intra
424 591 596 631 vallum.
642 605 736 632 curn
767 604 843 643 per
867 591 1007 631 totum
1037 590 1150 631 diem
1177 591 1399 632 stetissent
1424 591 1580 633 intenti
1607 591 1658 633 ad
1689 604 1707 634 7

98 652 332 703 certamen,
366 650 486 691 nocti
517 663 693 691 cessere.
745 652 788 690 et
807 648 994 690 Romani
1021 649 1193 704 quidem
1218 650 1336 704 pleni
1363 651 1455 704 spei
1483 665 1662 705 corpora

98 709 323 763 curabant,
356 708 691 764 haudquaquam
714 708 809 763 pari
835 708 984 750 hostes
1011 709 1156 751 animo
1181 710 1359 751 nuntios
1385 711 1550 763 passim
1575 713 1662 752 tre-

96 768 185 823 pidi
205 768 258 810 ad
278 768 548 810 revocandos
568 768 844 823 praedatores
866 767 1101 810 dimittunt.
1138 769 1371 810 recurritur
1391 783 1441 810 ex
1455 770 1662 823 proximis

36 878 41 885 ,
95 827 218 883 locis;
250 828 475 869 ulteriores
500 843 588 870 non
618 827 796 869 inventi.

213 886 301 929 Ubi
332 887 506 941 inluxit,
539 887 757 941 egreditur
790 887 943 928 castris
975 886 1197 928 Romanus
1230 887 1391 929 vallum
1423 888 1663 943 invasurus,
1688 901 1709 931 8

92 947 136 988 ni
175 946 300 1001 copia
344 961 515 1002 pugnae
559 946 693 988 fieret.
755 949 798 988 et
842 948 1074 1001 postquam
1119 947 1257 987 multa
1302 947 1390 988 iam
1434 947 1524 989 dies
1570 952 1664 990 erat

92 1020 230 1062 neque
257 1006 512 1047 movebatur
537 1005 767 1061 quicquam
794 1006 847 1047 ab
874 1006 1010 1059 hoste,
1030 1005 1149 1047 iubet
1181 1006 1307 1061 signa
1326 1006 1475 1048 inferri
1495 1009 1660 1062 consul,

95 1069 299 1120 motaque
332 1065 421 1107 acie
454 1065 696 1120 indignatio
717 1065 892 1120 Aequos
920 1067 962 1106 et
981 1064 1164 1107 Volscos
1197 1066 1385 1121 incessit,
1415 1067 1451 1107 si
1477 1067 1662 1109 victores

94 1125 304 1167 exercitus
336 1125 500 1167 vallum
532 1100 678 1180 pooffius
711 1140 840 1180 quam
872 1124 1008 1166 virtus
1040 1127 1082 1166 et
1115 1140 1235 1166 arma
1267 1127 1475 1181 tegerent.
1527 1127 1661 1182 igitur

93 1185 165 1226 et
154 1185 238 1239 ipsi
258 1183 542 1239 efflagitatum
569 1185 624 1226 ab
650 1184 828 1226 ducibus
850 1184 1022 1239 signum
1040 1198 1212 1240 pugnae
1234 1199 1446 1239 accepere.
1487 1186 1658 1252 iamque
1686 1198 1706 1229 9

91 1259 191 1299 pars
224 1257 398 1310 egressa
428 1244 564 1298 portis
598 1246 690 1285 erat
722 1244 1007 1298 deincepsque
1033 1244 1108 1285 alii
1134 1244 1366 1286 servabant
1392 1245 1586 1287 ordinem
1618 1246 1662 1287 in

92 1318 217 1345 suum
243 1303 422 1358 quisque
448 1303 590 1345 locum
618 1303 933 1358 descendentes,
960 1318 1057 1345 cum
1083 1304 1233 1345 consul
1237 1303 1486 1370 ’Romanum
1520 1305 1659 1359 prius-

92 1377 220 1418 quam
251 1363 356 1404 totis
389 1362 552 1404 viribus
577 1362 689 1404 fulta
715 1365 934 1404 constaret
958 1362 1148 1404 hostium
1180 1363 1307 1418 acies,
1335 1364 1487 1405 intulit
1513 1364 1658 1419 signa3

91 1421 350 1477 adortusque
382 1436 461 1464 nec
499 1436 647 1464 omnes
680 1422 782 1464 dum
814 1422 988 1464 eductos
1026 1437 1122 1476 nec,
1160 1423 1234 1477 qui
1265 1426 1409 1477 erant,
1450 1424 1555 1464 satis
1589 1438 1657 1465 ex—

89 1481 259 1535 plicatis
293 1481 535 1537 ordinibus,
566 1496 698 1537 prope
724 1481 1002 1524 fluctuantem
1033 1482 1207 1523 turbam
1232 1482 1547 1537 trepidantium
1574 1483 1657 1525 huc

88 1543 217 1596 atque
254 1541 357 1583 illuc
400 1541 933 1596 circumspectantiumque
972 1556 1016 1583 se
1055 1556 1103 1584 ac
1142 1556 1241 1583 suos
1285 1542 1431 1584 addito
1464 1543 1655 1584 turbatis

88 1600 305 1642 mentibus
331 1601 516 1643 clamore
543 1603 670 1657 atque
696 1600 859 1655 impetu
885 1601 1060 1642 invadit.
1103 1601 1310 1644 rettulere
1335 1602 1476 1656 primo
1502 1602 1655 1657 pedem
1686 1613 1726 1645 11

88 1659 254 1714 hostes3
288 1660 453 1714 deinde,
486 1675 582 1702 cum
614 1660 781 1702 animos
814 1660 1093 1715 collegissent
1117 1663 1162 1701 et
1186 1660 1375 1715 undique
1403 1661 1545 1716 duces,
1570 1662 1658 1703 vic—

88 1719 201 1760 tisne
233 1719 394 1760 cessuri
426 1722 588 1774 essent,
618 1720 908 1774 increparent,
940 1719 1182 1761 restituitur
1212 1734 1371 1775 pugna.

208 1776 369 1820 Consul
402 1793 452 1820 ex
491 1779 627 1820 altera
663 1781 787 1833 parte
819 1778 1039 1820 Romanos
1079 1779 1324 1821 meminisse
1356 1780 1535 1822 iubebat
1570 1781 1647 1822 illo
1665 1784 1718 1825 61

90 1837 156 1879 die
188 1837 375 1891 primum
406 1837 565 1880 liberos
598 1852 676 1892 pro
708 1838 845 1879 libera
877 1839 979 1880 urbe
1006 1837 1203 1879 Romana
1233 1853 1450 1894 pugnare:
1483 1839 1658 1881 sibimet

1686 1435 1729 1467 10

135 1958 167 1989 4.
192 1955 400 2001 postquam]
422 1954 507 1999 Vgl.
528 1967 571 1989 zu
589 1955 681 1998 Kap.
703 1957 759 1997 38,
779 1959 833 1989 1-2.

136 2012 352 2046 concessum,
384 2003 498 2037 nami.
525 2013 614 2045 esse,
654 2003 757 2036 ‘man
782 2002 834 2037 sei

89 2059 176 2084 vom
191 2048 225 2083 S.
246 2048 591 2095 zurtickgewichen,
610 2049 707 2084 habe
721 2049 833 2084 ihnen

89 2097 161 2131 den
188 2097 222 2132 S.
249 2097 521 2141 einger'aumt’:
548 2097 583 2142 4,
604 2101 636 2141 6,
659 2101 678 2131 6
700 2099 743 2133 de
761 2098 833 2132 vic-

86 2146 183 2179 toria
209 2145 472 2180 eoncedendum
503 2156 596 2188 esse,·
628 2145 704 2190 vgl.
730 2145 773 2189 4,
800 2149 832 2188 2,

89 2195 149 2234 10;
177 2191 236 2234 22,
266 2196 318 2235 12,
347 2195 379 2227 4.

136 2243 167 2275 6.
194 2240 432 2286 conscientia]
453 2240 536 2275 Abl.
558 2251 708 2283 causae;
737 2240 832 2274 auch

89 2285 149 2329 28,
173 2290 227 2329 19,
243 2289 263 2320 5
290 2287 360 2322 mit
379 2287 501 2322 einem
522 2287 734 2322 indii-ekten
745 2287 832 2322 Fra-

90 2334 217 2378 gesatz
243 2333 470 2370 verbunden.

137 2384 168 2416 7.
188 2381 286 2415 nocti
299 2381 445 2427 cessere]
460 2393 576 2426 zogen
590 2381 668 2417 sich
682 2382 831 2425 zuriick,

89 2428 144 2463 als
171 2427 230 2462 die
259 2427 385 2464 Nacht
412 2428 591 2464 einbrach
622 2430 712 2475 (vgl.
738 2428 833 2474 Kap.

90 2479 144 2519 17,
172 2477 218 2518 9).

135 2533 289 2568 corpora
315 2523 510 2568 curabant]
536 2524 614 2558 cibo
641 2534 834 2568 somnoque

87 2570 182 2615 Kap.
210 2575 242 2614 2,
272 2574 324 2605 10.

135 2621 166 2653 8.
203 2619 319 2653 multa
344 2619 418 2653 iam
444 2618 536 2664 dies]
573 2618 701 2653 ‘sehon
735 2618 833 2653 hoch

89 2676 149 2700 am
177 2665 306 2710 Tage’.

134 2713 301 2759 victores]
328 2712 398 2748 mit
423 2713 547 2758 Bezug
573 2713 639 2748 auf
662 2716 681 2755 ξ
702 2717 721 2747 3
743 2725 776 2749 u.
800 2717 833 2748 4.

134 2764 164 2795 9.
188 2760 373 2806 deinceps]
391 2760 472 2795 ‘der
487 2761 604 2795 Reihe
618 2761 725 2804 nach,
738 2760 835 2795 nach

86 2807 294 2843 einander’.

135 2855 396 2902 descendentes]
418 2855 492 2891 Das
509 2855 671 2891 Verbum
693 2856 834 2891 descen-

907 1955 988 1990 dere
1009 1953 1101 1989 wird
1129 1955 1309 1990 zuweilen
1330 1966 1414 1989 vom
1436 1955 1657 1991 Ausrt‘icken

907 2013 973 2037 aus
995 2002 1079 2037 dem
1098 2002 1219 2047 Lagei·
1244 2003 1468 2047 gebraucht,
1495 2004 1658 2039 welches

907 2049 962 2084 oft
972 2049 1040 2084 auf
1050 2050 1151 2084 einer
1160 2050 1316 2085 Anhche
1325 2050 1504 2086 errichtet
1514 2051 1658 2095 wurde3

907 2096 1023 2131 daher
1049 2097 1109 2132 die
1135 2097 1276 2132 Phrase
1302 2099 1344 2133 in
1369 2099 1482 2133 aciem
1513 2099 1654 2135 descen-

906 2145 987 2180 dere
1002 2145 1114 2189 (9,14,
1133 2149 1169 2187 73
1184 2144 1359 2189 23,40‚9;
1376 2146 1435 2190 27,
1451 2149 1653 2191 41,5u.a.).

955 2208 1006 2239 10.
1029 2205 1248 2248 adortusque
1268 2205 1356 2250 etc]
1375 2222 1418 2234 =
1433 2206 1654 2251 adortusque

905 2262 973 2295 eos,
989 2263 1068 2287 cum
1081 2253 1243 2287 nondum
1262 2263 1383 2287 omues
1404 2254 1525 2288 educti
1544 2257 1657 2288 essent

904 2310 1015 2344 neque
1040 2300 1084 2342 ei,
1109 2300 1173 2344 qui
1198 2300 1318 2335 educti
1342 2304 1461 2344 erant,
1486 2302 1577 2336 satis
1597 2312 1656 2335 esc-

900 2347 1138 2391 plicavisseut
1164 2348 1319 2383 ordines.

952 2400 1345 2446 circumspectantium]
1384 2400 1445 2435 Sie
1473 2401 1656 2436 schauten

905 2447 1096 2492 ‘angstlich
1117 2447 1184 2482 auf
1198 2447 1278 2482 ihre
1296 2446 1455 2493 geringe
1473 2447 1564 2482 Zahl
1578 2448 1655 2482 und

906 2494 965 2529 die
1001 2494 1312 2530 nachrfickenden
1343 2494 1499 2540 Ihrigen
1544 2494 1652 2541 (Kap.

906 2545 963 2584 37,
993 2543 1039 2585 1).

956 2599 1009 2629 11.
1035 2595 1200 2630 rettulere
1213 2595 1357 2641 pedem]
1384 2595 1468 2640 Vgl.
1490 2608 1533 2629 zu
1552 2594 1646 2641 Kap.

907 2645 964 2685 22,
992 2645 1023 2676 6.

955 2712 1014 2747 61.
1050 2717 1079 2747 1.
1116 2713 1296 2758 primum]
1331 2725 1414 2747 zum
1454 2714 1655 2749 erstenmal

907 2759 1002 2794 nach
1035 2761 1100 2795 der
1137 2759 1341 2805 Befreiung
1373 2771 1445 2795 von
1479 2761 1550 2796 den
1582 2760 1652 2796 De—

908 2808 1080 2842 zemvirn.

956 2856 1044 2891 urbe
1067 2855 1254 2901 Romana]
1283 2854 1366 2900 Vgl.
1388 2867 1433 2890 zu
1453 2855 1545 2901 Kap.
1567 2860 1598 2899 6,
1620 2859 1652 2891 ὃ.

1315 2914 1367 2950 7*
