1799 3105
34 103 42 110 ‘
84 124 108 142 a.
131 116 196 142 chr.
216 124 243 141 n.
261 116 324 142 449.

578 106 724 140 LIBER
748 105 811 140 111.
850 104 950 140 CAP.
977 108 1034 140 43.
1060 108 1117 139 44.
1591 101 1646 144 73

82 214 431 270 prospeculatum
459 214 512 256 ad
538 215 682 256 locum
708 214 861 256 castris
881 213 1134 268 capiendum
1161 212 1351 253 mittunt.
1395 211 1520 253 datur
1545 225 1645 267 neg·
1672 219 1692 250 3

85 274 221 315 otium
252 273 481 327 militibus,
527 288 634 329 quos
674 274 881 315 miserant
918 272 1201 328 expeditionis
1240 271 1331 313 eius
1364 271 1562 323 comites,
1600 273 1649 312 ut

86 347 182 374 eum
209 336 453 387 opportuno
488 333 628 374 adorti
659 334 754 375 loco
786 333 1087 374 interficerent.
1148 330 1262 372 haud
1299 330 1486 371 inultum
1517 330 1646 371 inter-
1672 337 1694 368 4

83 391 239 447 fecere3
265 407 366 433 nam
387 392 499 434 circa
518 395 829 447 repugnantem
851 392 1016 446 aliquot
1034 390 1306 432 insidiatores
1327 390 1526 443 cecidere,
1551 403 1648 431 cum

83 451 176 505 ipse
209 465 253 493 se
285 452 556 505 praevalidus
589 452 682 506 pari
716 451 878 492 viribus
912 451 1055 492 animo
1083 451 1397 492 circumventus
1425 451 1650 491 tutaretur.

82 511 284 552 nuntiant
303 511 347 551 in
374 513 518 552 castra
544 511 674 552 ceteri
699 510 1029 565 praecipitatum
1048 509 1094 550 in
1120 509 1298 551 insidias
1326 523 1433 562 esse,
1467 507 1650 550 Siccium
1677 515 1697 546 5

85 570 256 625 egregie
281 573 546 624 pugnantem
566 570 811 624 militesque
833 570 1040 623 quosdam
1060 583 1155 610 cum
1183 583 1231 610 eo
1265 569 1459 610 amissos.
1509 567 1649 622 primo
1677 576 1697 607 6

84 629 188 670 fides
207 629 505 670 nuntiantibus
519 629 619 681 fuit3
653 629 848 684 profecta
870 628 1195 669 deinde‘cohors
1216 628 1268 669 ad
1290 627 1558 682 sepeliendos
1579 627 1652 682 qui

85 688 328 730 ceciderant
360 688 698 734 decemvirorum
723 687 950 743 permissu,
972 689 1202 742 postquam
1228 687 1397 728 nullum
1418 687 1651 741 spoliatum

84 747 144 788 ibi
177 761 331 801 corpus
359 745 627 802 Sicciumque
658 748 703 788 in
734 747 874 789 medio
901 747 1112 788 iacentem
1135 749 1431 801 armatumque
1452 748 1652 789 omnibus

84 807 130 848 in
163 821 261 848 eum
292 807 428 848 versis
461 807 713 861 corporibus
746 807 907 857 videre,
941 806 1131 847 hostium
1163 820 1302 860 neque
1335 820 1489 860 corpus
1514 807 1652 848 ullum

84 880 162 907 nec
181 866 368 921 vestigia
388 866 651 919 abeuntium,
671 867 866 920 profecto
888 866 942 907 ab
965 866 1053 907 suis
1074 865 1348 907 interfectum
1364 870 1651 908 memorantes

83 925 287 967 rettulere
324 940 480 980 corpus
517 925 788 980 invidiaeque
832 926 961 979 plena
1005 927 1146 966 castra
1189 927 1324 966 erant.
1380 928 1423 966 et
1467 924 1651 968 Romam
1679 942 1698 973 7

85 984 188 1026 ferri
219 985 418 1040 protinus
452 983 635 1027 Siccium
668 986 885 1040 placebat,
917 985 963 1026 ni
997 984 1225 1026 decemviri
1249 984 1378 1026 funus
1406 984 1593 1027 militare
1613 985 1652 1027 ei

83 1044 259 1099 publica
283 1045 479 1098 impensa
504 1045 650 1092 ⁴facere
684 1047 985 1086 maturassent.
1034 1044 1230 1098 sepultus
1261 1044 1429 1098 ingenti
1460 1045 1652 1086 militum

85 1104 321 1157 maestitia,
352 1104 540 1158 pessima
572 1104 908 1146 decemvirorum
939 1104 984 1144 in
1017 1104 1171 1157 vulgus
1198 1103 1314 1144 fama
1347 1106 1422 1144 est.

206 1161 407 1217 Sequitur
427 1163 544 1205 aliud
570 1163 615 1204 in
641 1164 746 1205 urbe
773 1163 894 1205 nefas
921 1163 975 1204 ab
995 1162 1174 1204 libidine
1201 1165 1354 1216 ortum,
1374 1163 1490 1204 haud
1511 1163 1651 1206 minus
1666 1169 1725 1210 44

84 1222 211 1263 foedo
252 1225 425 1276 eventu,
470 1237 599 1277 quam
637 1223 750 1277 quod
790 1238 866 1278 per
905 1226 1100 1277 stuprum
1141 1222 1396 1277 caedemque
1426 1222 1652 1265 Lucretiae

84 1282 191 1323 urbe
222 1296 442 1337 regnoque
474 1282 733 1336 Tarquinios
767 1283 1007 1338 expulerat,
1039 1284 1089 1323 ut
1119 1296 1207 1323 non
1238 1282 1336 1322 finis
1370 1283 1510 1323 solum
1540 1283 1652 1324 idem

86 1341 353 1395 decemviris,
387 1341 459 1396 qui
484 1342 676 1397 regibus,
709 1342 782 1384 sed
815 1357 944 1384 causa
977 1341 1108 1383 etiam
1142 1341 1291 1383 eadem
1323 1341 1495 1396 imperii
1529 1343 1654 1384 amit-

84 1400 203 1441 tendi
236 1404 359 1442 esset.

204 1461 285 1527 Ap.
324 1459 550 1502 Claudium
587 1460 770 1516 virginis
816 1460 1008 1515 plebeiae
1049 1460 1308 1515 stuprandae
1353 1460 1486 1502 libido
1526 1461 1650 1516 cepit.
1678 1476 1697 1507 2

84 1521 209 1574 pater
228 1520 420 1575 virginis,
439 1518 486 1561 L.
501 1519 748 1575 Verginius,
768 1520 996 1562 honestum
1018 1520 1234 1561 ordmem
1223 1534 1268 1560 111
1283 1520 1442 1574 Algido
1457 1520 1653 1576 ducebat,

85 1579 151 1620 vir
177 1579 361 1634 exempli
380 1580 487 1621 recti
508 1580 623 1621 domi
643 1580 922 1634 militiaeque.
966 1579 1142 1634 perinde
1162 1594 1270 1620 uxor
1291 1579 1493 1621 instituta
1512 1580 1653 1623 fuerat

85 1638 298 1705 liberique
323 1639 672 1682 instituebantur.
718 1638 1005 1693 desponderat
1031 1639 1165 1680 filiam
1191 1637 1238 1679 L.
1257 1637 1380 1681 Icilio
1406 1639 1652 1696 tribunicio,
1679 1652 1699 1683 3

86 1697 179 1739 viro
213 1697 302 1739 acri
334 1701 376 1739 et
406 1712 484 1752 pro
519 1713 649 1740 causa
679 1697 820 1752 plebis
854 1700 1053 1753 expertae
1080 1698 1263 1740 virtutis.
1308 1698 1420 1740 hanc
1439 1699 1653 1754 virginem
1678 1712 1700 1742 4

87 1757 294 1807 adultam,
336 1757 479 1799 forma
517 1758 799 1799 excellentem
840 1758 1004 1812 Appius
1045 1772 1191 1799 amore
1231 1772 1380 1799 amens
1419 1759 1558 1812 pretio
1605 1774 1654 1801 ac

88 1831 164 1870 spe
195 1816 404 1871 perlicere
437 1817 632 1872 adortus,
663 1820 896 1872 postquam
929 1817 1074 1858 omnia
1099 1817 1261 1871 pudore
1288 1820 1439 1871 saepta
1465 1818 1654 1860 animad-

135 1949 167 1978 4.
189 1945 447 1991 praevalidus]
462 1944 705 1990 Vg1.zuKap.
726 1949 784 1987 38,
801 1950 831 1981 7.

135 1996 167 2028 6.
198 1993 241 2026 in
269 1993 386 2028 medio
410 1994 584 2028 iacentem
614 1993 722 2039 arm]
757 1993 832 2029 ‘be-

87 2038 240 2075 waffnet
263 2041 303 2074 in
329 2040 394 2075 der
418 2039 528 2075 Mitte
554 2040 707 2085 liegen’.

128 2087 309 2134 profecto]
339 2087 548 2131 ‘offenbar⁷,
583 2089 638 2123 oft
663 2100 834 2124 unserem

90 2135 269 2170 ‘mussen'
299 2136 580 2180 entsprechend.

134 2182 316 2228 rettulere]
350 2183 585 2219 Constructio
617 2181 714 2218 κατὰ
747 2182 833 2219 σύν-

88 2242 178 2265 εσιν.

137 2281 167 2312 7.
191 2278 370 2321 placebat,
390 2277 448 2323 rii]
472 2277 557 2323 Vgl.
579 2291 624 2313 zu
641 2279 735 2324 Kap.
755 2283 785 2322 1,
799 2283 832 2315 4.

135 2323 311 2370 militare]
338 2324 373 2358 d.
393 2325 428 2359 h.
453 2325 524 2360 mit
542 2326 641 2361 allen
661 2327 834 2362 militari-

89 2372 202 2407 schen
227 2371 363 2407 Ehren.

135 2420 338 2462 sepultus..
355 2418 438 2465 .est]
471 2419 536 2454 das
561 2420 727 2466 Particip
758 2421 835 2456 und

89 2466 290 2502 Hfilfsverb
317 2466 525 2501 auffallend
550 2468 639 2503 weit
663 2479 737 2503 von
758 2468 833 2503 ein-

88 2514 203 2549 ander
229 2515 404 2559 getrennt
429 2513 513 2558 (wie
541 2514 633 2560 Kap.
661 2519 718 2558 51,
742 2518 787 2559 1).

136 2563 178 2597 in
203 2561 350 2607 vulqus]
371 2560 430 2596 ein
450 2560 646 2597 Ausdruck
666 2563 732 2597 der
748 2562 835 2597 Um-

89 2609 381 2655 gmgssprache,
403 2608 457 2644 oft
475 2608 513 2643 in
525 2608 672 2644 Ciceros
685 2609 837 2645 Briefen

89 2657 165 2691 und
192 2658 251 2692 bei
276 2656 414 2699 Livius,
443 2656 558 2691 ‘beim
586 2657 735 2692 Volke’.

138 2704 243 2749 Kap.
271 2703 430 2739 44—48.
475 2703 706 2748 Verginia.
752 2704 836 2750 Vgl.

89 2751 216 2787 Dion.
243 2752 338 2786 Hal.
364 2751 426 2795 XI,
453 2755 606 2787 28—37.

137 2797 200 2833 44.
229 2802 259 2834 1.
285 2803 454 2844 stuprum
477 2800 686 2844 eaedemque
702 2799 837 2835 Lucre-

89 2846 179 2892 tiae]
203 2846 283 2883 Liv.
312 2852 343 2890 1,
369 2850 424 2882 58.

140 2893 364 2940 Tarquinios
395 2894 602 2940 expulerat]
645 2894 719 2930 ‘die
746 2893 836 2930 Ver-

906 1944 1083 1990 treibung
1097 1945 1162 1980 der
1172 1945 1212 1980 T.
1221 1945 1503 1991 herbeigeffihrt
1517 1947 1653 1991 hatte’3

908 1992 1156 2047 Brachylogie
1195 1994 1240 2028 st.
1274 1994 1455 2038 effecerat,
1490 1998 1532 2029 ut
1559 1995 1651 2030 Tar-

906 2042 1028 2086 quinii
1053 2041 1326 2085 expellerentur

955 2092 987 2122 2.
1038 2089 1224 2123 honestum
1271 2089 1434 2124 ordinem
1483 2090 1653 2136 ducebat]

912 2135 1051 2171 ‘ffihrte
1066 2136 1147 2171 eine
1162 2137 1397 2189 angesehene
1406 2136 1621 2182 Kompagni
1623 2149 1654 2181 e,

906 2183 1120 2219 bekleidete
1141 2183 1223 2219 eine
1245 2183 1493 2219 militarische
1514 2185 1655 2220 Ehren-

908 2231 1031 2266 stelle'
1037 2258 1044 2265 .

954 2279 1107 2323 exempli
1130 2278 1235 2325 recti]
1260 2279 1350 2314 ‘von
1371 2280 1656 2315 musterhaftem

907 2326 1152 2361 Benehmen’.

953 2374 1066 2420 uxor]
1086 2373 1300 2409 Numitoria
1320 2374 1409 2420 (vgl.
1420 2375 1512 2420 Kap.
1528 2379 1584 2418 45,
1600 2378 1651 2420 4);

908 2421 960 2456 sie
1001 2433 1078 2456 war
1116 2420 1237 2467 einige
1270 2421 1384 2457 Jahre
1423 2423 1557 2457 vorher
1594 2434 1655 2467 ge-

909 2469 1070 2504 storben.

958 2515 1080 2561 liberi]
1107 2515 1175 2550 Die
1197 2520 1239 2550 15
1254 2515 1366 2551 Jahre
1387 2517 1462 2552 alte
1477 2516 1658 2562 Verginia

909 2573 986 2596 war
1012 2563 1078 2597 das
1111 2562 1254 2607 einzige
1280 2562 1378 2598 Kind
1411 2565 1540 2608 (wzica
1563 2566 1656 2608 fllia,

909 2609 1003 2654 Kap.
1031 2614 1087 2653 45,
1109 2612 1145 2654 9)
1171 2610 1235 2645 des
1261 2610 1470 2656 Verginius.

959 2662 990 2691 3.
1018 2657 1065 2691 L.
1093 2657 1221 2703 Icilio]
1247 2657 1332 2702 Vgl.
1360 2671 1404 2693 zu
1429 2659 1600 2704 Kap.31,
1624 2664 1655 2696 1.

953 2715 1026 2749 pro
1051 2704 1181 2750 eausa]
1217 2704 1271 2740 ‘in
1296 2705 1436 2740 seinem
1462 2706 1657 2742 Auftreten

911 2751 984 2786 snr’
1007 2751 1067 2787 die
1081 2752 1141 2787 lex
1159 2753 1204 2787 de
1217 2753 1404 2788 Aventino
1417 2754 1655 2798 publicando.

958 2803 991 2834 4.
1014 2801 1130 2843 pretio
1145 2810 1189 2834 ac
1198 2799 1277 2846 spe]
1296 2799 1428 2835 ‘durch
1440 2801 1657 2838 Geschenke

909 2847 986 2881 und
1008 2846 1370 2893 Versprechungen'.

958 2894 1132 2941 adortus]
1180 2895 1256 2930 Das
1300 2895 1464 2931 Verbum
1507 2896 1658 2932 adorior
