1799 3105
96 125 151 166 98
647 123 788 157 LIBER
816 123 877 158 IV.
923 122 1024 158 ΘΑΓ.
1056 128 1108 158 13.
1397 138 1653 165 a.u.c.314.315.

99 247 229 288 supra
274 233 446 274 modum
493 232 680 273 hominis
726 232 885 287 privati
931 246 1074 274 secum
1117 231 1288 273 trahere
1326 233 1439 274 haud
1486 233 1663 275 dubium

100 291 372 334 consulatum
405 291 552 332 favore
584 306 632 333 ac
664 305 740 347 spe
773 291 1130 346 despondentem,
1169 291 1277 346 ipse,
1316 296 1363 332 ut
1407 295 1473 334 est
1515 292 1664 334 huma-

96 366 177 393 nus
211 352 376 392 animus
409 350 674 391 insatiabilis
707 364 775 405 eo,
809 350 922 404 quod
960 350 1134 391 fortuna
1172 350 1375 406 spondet,
1413 351 1465 393 ad
1506 351 1664 394 altiora

97 413 141 451 et
173 425 258 451 non
291 424 493 451 concessa
524 410 700 451 tendere
734 414 793 463 et,
828 410 1032 464 quoniam
1076 409 1324 452 consulatus
1370 424 1538 466 quoque
1582 411 1662 453 eri-

98 469 276 524 piendus
310 468 458 510 invitis
491 469 689 522 patribus
723 472 855 524 esset,
887 469 937 510 de
970 483 1102 524 regno
1137 469 1321 524 agitare:
1360 469 1403 511 id
1435 485 1567 512 unum
1601 469 1664 512 di-

99 543 229 585 gnum
274 531 398 569 tanto
443 532 654 583 apparatu
688 528 966 570 consiliorum
1001 531 1043 569 et
1075 528 1328 583 certamine,
1361 529 1475 584 quod
1511 529 1665 585 ingens

53 596 71 625 ῑι
100 587 390 629 exsudandum
437 591 572 641 esset,
617 588 856 642 praemium
901 588 1005 629 fore.
1075 587 1161 628 iam
1203 588 1378 630 comitia
1422 588 1667 630 consularia

99 647 340 702 insta-bant3
373 662 482 701 quae
518 661 584 689 res
618 662 715 689 eum
757 647 939 689 necdum
981 646 1233 701 compositis
1278 647 1515 690 maturisve
1559 647 1666 690 satis

100 706 293 748 consiliis
327 706 554 761 oppressit.

220 764 381 807 Consul
414 770 582 807 sextum
616 770 782 807 creatus
817 765 862 806 Τ.
897 765 1122 815 Quinctius
1156 763 1448 821 Capitolinus,
1488 766 1667 808 minime

100 830 368 880 opportunus
400 826 465 866 vir
496 826 674 866 novanti
706 839 790 878 res3
823 824 992 879 collega
1025 824 1195 866 additur
1226 826 1263 866 ei
1295 824 1492 881 Agrippa
1522 825 1667 867 Mene-

99 885 215 940 nius,
256 884 324 925 cui
364 884 531 926 Lanato
565 888 658 926 erat
697 898 946 940 cognomen.
1009 886 1052 925 et
1092 883 1138 925 L.
1170 883 1387 926 Minucius
1428 885 1667 941 praefectus

100 959 293 985 annonae
332 958 407 985 seu
445 944 629 986 refectus
675 958 769 997 seu,
811 943 953 998 quoad
997 957 1065 984 res
1110 946 1324 998 posceret,
1369 944 1414 985 in
1456 944 1669 986 incertum

101 1006 289 1057 creatus,
321 1003 432 1044 nihil
459 1003 570 1045 enim
599 1006 785 1058 constat,
816 1002 900 1044 nisi
927 1002 971 1044 in
997 1002 1132 1044 libros
1159 1002 1317 1044 linteos
1343 1005 1528 1058 utroque
1554 1017 1666 1045 anno

99 1063 284 1104 relatum
337 1062 451 1104 inter
503 1063 787 1117 magistratus
841 1062 1045 1117 praefecti
1094 1076 1264 1105 nomen.
1340 1061 1410 1104 hic
1452 1062 1669 1105 Minucius

104 1122 280 1163 eandem
309 1122 371 1164 rei
398 1122 595 1177 publicae
623 1122 890 1164 curationem
919 1136 1066 1177 agens,
1099 1136 1228 1176 quam
1254 1120 1438 1163 Maelius
1465 1122 1670 1177 privatim

102 1181 322 1236 agendam?
347 1184 612 1237 susceperat,
647 1196 742 1223 cum
775 1182 820 1222 in
853 1184 1036 1235 utraque
1069 1180 1195 1222 domo
1228 1195 1363 1237 genus
1395 1181 1508 1223 idem
1534 1181 1671 1223 homi-

102 1255 204 1282 num
236 1244 501 1295 versaretur,
532 1255 622 1282 rem
655 1244 919 1295 compertam
953 1239 1006 1281 ad
1039 1242 1236 1281 senatum
1281 1240 1435 1283 defert:
1476 1239 1584 1282 Tela
1626 1240 1672 1282 in

101 1300 275 1342 domum
308 1300 456 1342 Maelii
489 1300 672 1342 conferri
706 1315 887 1355 eumque
921 1300 1144 1342 contiones
1178 1299 1294 1341 domi
1324 1300 1485 1342 habere
1512 1314 1561 1342 ac
1585 1314 1673 1342 non

103 1359 234 1401 dubia
267 1360 389 1415 regni
422 1359 604 1401 consilia
636 1375 741 1402 esse.
791 1363 964 1414 tempus
998 1359 1190 1413 agendae
1222 1360 1285 1400 rei
1315 1359 1504 1401 nondum
1539 1362 1673 1411 stare3

103 1422 243 1461 cetera
276 1420 362 1460 iam
395 1420 657 1460 convenisse.
719 1419 915 1460 tribunos
954 1417 1150 1460 mercede
1189 1421 1357 1473 emptos
1398 1418 1451 1460 ad
1491 1418 1673 1474 proden-

103 1478 200 1520 dam
235 1478 481 1520 libertatem
516 1482 557 1519 ct
590 1478 753 1532 partita
779 1478 957 1520 ducibus
985 1477 1276 1518 multitudinis
1302 1477 1543 1519 ministeria
1568 1491 1673 1520 esse.

103 1642 166 1665 zur
183 1630 442 1675 Bczeiehnung
461 1630 562 1665 einer
582 1630 855 1675 melu-maligen

104 1677 323 1722 Handlung,
378 1678 432 1712 als
484 1678 745 1713 Coniuncta-us
791 1679 854 1713 ite-

104 1727 258 1769 rativus,
307 1725 401 1771 Kap.
419 1730 473 1769 19,
489 1730 527 1767 2;
555 1730 656 1766 4S‚3.

153 1785 375 1830 conspectus]
411 1782 669 1829 'angesehen'.
709 1790 739 1828 2,
764 1789 793 1829 5,
818 1790 855 1828 ὃς

107 1837 287 1876 ·:·,15,10;
318 1837 346 1877 7,
364 1837 443 1876 7,6.

154 1897 185 1927 4.
206 1893 330 1935 favore
349 1903 392 1927 ac
410 1893 484 1939 spe]
506 1903 571 1927 aus
597 1891 859 1928 Dankbarkeit

108 1940 165 1974 fiir
193 1939 253 1974 die
281 1941 555 1985 empfangenen
583 1940 757 1985 Spenden
783 1941 857 1974 und

106 1999 148 2069 ἰῐέ
173 1987 238 2069 {lor
258 1987 446 2032 Hoffnung
472 1987 539 2022 auf
555 1988 706 2023 weitere
730 1987 857 2022 Wohl-

152 2045 173 2069 a
193 2046 249 2070 en.

156 2095 239 2139 ipse,
296 2095 413 2128 wofi'ir
462 2105 548 2128 man
594 2095 688 2128 etwa
731 2095 858 2129 deinde

109 2143 293 2185 erwartet,
321 2142 429 2176 leitet
454 2153 526 2176 von
554 2142 618 2176 der
639 2141 858 2185 Gesinnung

109 2189 174 2223 der
201 2188 309 2223 Plebs
342 2188 640 2223 nachdrficklich
678 2188 768 2222 tiber
794 2190 861 2222 auf

110 2235 210 2271 seine
232 2235 372 2281 eigcne,
394 2236 492 2270 noch
513 2236 631 2270 hoher
645 2236 855 2271 strebende.

156 2295 304 2341 altiora]
339 2295 450 2329 naml.
486 2296 540 2329 als
569 2296 634 2329 das
660 2294 855 2330 Konsulat.

157 2355 312 2399 tendere]
354 2354 490 2389 ebenso
534 2354 573 2388 in
611 2354 857 2397 Verbindung

109 2402 178 2436 mit
204 2403 252 2437 ad
278 2402 370 2447 Kap.
400 2406 455 2445 54,
472 2406 503 2437 8.

158 2462 251 2505 quod
295 2462 422 2507 isnyens
466 2462 717 2497 exsudandum
755 2463 855 2506 esset,¹

123 2509 285 2543 wele-her
319 2520 451 2552 wegen
488 2506 609 2543 seiner
647 2508 859 2554 Hestigkeit

113 2555 284 2591 Schweiss
321 2559 368 2600 (Ξ
381 2556 508 2601 Mulae)
543 2556 676 2591 kosten
703 2553 858 2590 wsirde'.

112 2603 195 2648 Vgl.
224 2603 310 2638 Hor.
339 2603 412 2639 Sat.
443 2607 604 2646 1,10,28
621 2615 701 2638 cum
726 2603 861 2638 Pedius

113 2661 243 2686 causas
268 2652 424 2695 exsudet,
451 2650 529 2685 Liv.
551 2655 583 2694 5,
599 2655 630 2694 5,
646 2655 666 2684 6
687 2655 728 2686 ut
746 2661 859 2686 novus

113 2699 155 2732 cle
180 2700 318 2744 inteyro
344 2699 536 2734 exsudetur
562 2700 675 2734 labor.

162 2762 192 2791 5.
222 2758 386 2803 necdum]
421 2758 736 2793 hier=nondum
773 2756 858 2802 vgl.

115 2803 205 2848 Καρ,
247 2809 302 2848 27,
331 2810 351 2841 8
395 2816 438 2840 ex
465 2806 695 2849 necopinato,
738 2804 860 2840 fei-ner

114 2862 263 2896 neyare,
289 2853 485 2898 neyleyere,
511 2854 703 2898 neyotium.

165 2914 196 2944 6.
224 2912 376 2955 sextum}
405 2911 488 2955 Vgl.
517 2923 559 2945 zu
586 2911 680 2956 Κὰρ.
707 2916 738 2955 8,
764 2917 793 2946 1.

977 1630 1139 1674 Lanato]
1185 1629 1254 1664 Bei
1298 1640 1439 1673 nomen,
1482 1640 1675 1675 coynomen

928 1678 1018 1712 mim·
1055 1681 1104 1712 est
1138 1677 1205 1711 hat
1238 1676 1364 1712 Livius
1399 1677 1568 1722 haufiger
1603 1676 1674 1711 den

928 1723 1191 1769 pradikativen
1223 1723 1347 1767 Dativ,
1381 1723 1509 1760 Cicero
1544 1723 1584 1759 in
1609 1724 1676 1759 der

929 1771 1050 1816 Regel
1076 1771 1149 1806 den
1174 1770 1405 1809 Nominativ.

979 1837 1008 1867 7.
1035 1832 1202 1877 refectus]
1219 1828 1568 1877 ‘wiedergewahlt'‚
1595 1830 1676 1868 scil.

930 1883 1019 1923 erat,
1046 1879 1094 1913 da
1119 1884 1168 1914 est
1193 1878 1253 1914 bei
1281 1883 1421 1915 creatus
1446 1878 1553 1914 nieht
1571 1877 1676 1924 passt.

979 1941 1020 1973 m
1045 1939 1238 1984 incertum]
1262 1935 1360 1973 ‘aufs
1380 1935 1674 1982 unbestimmte',

932 1987 966 2021 d.
994 1987 1030 2021 h.
1057 1987 1098 2021 in
1123 1987 1301 2021 incertum
1327 1990 1473 2031 tempus.

979 2058 1090 2092 libros
1125 2057 1267 2102 linteos]
1295 2056 1402 2091 Nach
1428 2056 1502 2091 den
1525 2055 1675 2091 Andeu-

930 2107 1073 2149 tungen
1098 2104 1136 2138 in
1161 2103 1255 2148 Kap.
1284 2108 1315 2149 7,
1333 2107 1374 2138 12
1395 2103 1472 2138 und
1492 2107 1548 2147 20,
1563 2107 1584 2139 8
1609 2103 1677 2138 hat

930 2152 1055 2186 Livius
1082 2151 1184 2186 diese
1203 2150 1408 2185 Urkunden
1433 2150 1540 2186 nicht
1558 2150 1678 2186 selbst

931 2199 1174 2244 eingesehen‚
1207 2198 1369 2233 sondern
1408 2197 1467 2233 <lie
1500 2198 1567 2232 auf
1598 2197 1675 2233 die-

930 2247 1058 2282 selben
1092 2245 1341 2291 bezfiglichen
1375 2245 1557 2291 Angaben
1591 2245 1678 2281 dem

930 2293 1093 2328 Licinius
1119 2293 1245 2328 Macer
1271 2293 1454 2328 entlehnt.

978 2369 1008 2400 8.
1036 2365 1289 2411 reipublicae]
1311 2363 1395 2400 Dat.
1417 2363 1603 2400 commodi
1622 2364 1677 2398 als

932 2412 1139 2457 Gegensatz
1164 2424 1207 2446 zu
1227 2413 1416 2457 privatim.

978 2494 1090 2530 genus
1115 2484 1209 2518 idem
1242 2482 1441 2528 hominum]
1477 2482 1588 2518 n'aml.
1616 2480 1676 2516 die

934 2530 1280 2566 Getreideh‘andler.

982 2607 1013 2637 9.
1041 2602 1237 2648 contiones]
1259 2599 1566 2636 iibeitreibender
1584 2600 1677 2634 Aus-

932 2649 1049 2684 druck
1076 2649 1134 2684 fiir
1161 2649 1221 2684 die
1247 2647 1581 2692 Versammlungen
1612 2647 1679 2681 der

933 2697 993 2732 bei
1013 2696 1149 2731 Melius
1165 2695 1340 2731 Getreide
1355 2694 1539 2730 holenden
1554 2693 1676 2738 Plebs,

932 2745 1051 2779 woffir
1094 2748 1113 2786 ξ
1157 2748 1199 2779 10
1241 2743 1450 2788 Iaryitiones
1494 2746 1679 2787 coetusque

933 2792 1093 2884 Stesktlgre]
1109 2856 1143 2866 =
1159 2842 1332 2880 constare,
1347 2837 1581 2872 constitutum
1595 2845 1677 2871 esse.

976 2908 1137 2954 partita]
1147 2907 1185 2942 in
1193 2906 1380 2952 passivem
1395 2906 1496 2951 Sinn,
1506 2907 1676 2942 =divisa.
