1799 3105
108 90 165 132 48
625 91 770 126 LIBER
796 91 856 127 ΙΙΙ.
899 90 987 136 Cap.
1014 96 1070 128 27.
1097 95 1153 128 28.
1474 108 1500 128 a.
1520 109 1548 128 u.
1568 109 1592 129 c.
1613 103 1678 130 296.

109 201 211 242 dum
244 200 417 256 gravior
449 202 572 253 esset,
605 199 746 241 vicino
773 199 921 254 militi,
957 199 1058 241 dum
1085 200 1121 241 is
1149 214 1269 241 arma
1294 202 1467 255 pararet
1493 201 1673 243 vallum-

109 274 190 314 que
226 261 409 314 peteret‚
448 258 609 299 cibaria
642 272 823 313 coquere
855 259 994 299 iussit.
1057 259 1118 300 sic
1152 259 1348 300 iuventus
1383 259 1587 302 discurrit
1619 260 1673 302 ad

62 328 82 360 5
110 318 271 360 vallum
304 317 547 372 petendum.
594 331 832 372 sumpsere,
858 317 970 359 unde
997 317 1147 373 cuique
1173 318 1415 372 proximum
1441 318 1543 372 fuit3
1575 333 1675 373 pro-

107 377 271 418 hibitus
315 390 442 418 nemo
488 378 570 429 est3
620 376 888 431 impigreque
932 391 1078 418 omnes
1120 376 1174 418 ad
1217 377 1404 419 edictum
1449 377 1675 420 dictatoris

60 448 81 479 6
107 439 281 490 praesto
312 436 445 476 fuere.
506 435 604 476 inde
635 436 874 490 composito
913 436 1083 491 agmine
1114 450 1202 478 non
1233 436 1380 477 itineri
1410 437 1551 491 magis
1583 437 1675 491 apti

109 510 237 550 quam
263 494 439 548 proelio,
468 494 505 535 si
530 508 598 535 res
624 494 687 535 ita
710 495 894 549 tulisset,
919 495 1112 549 legiones
1132 495 1223 549 ipse
1245 495 1442 550 dictator,
1468 495 1675 550 magister

108 554 299 608 equitum
332 567 432 594 suos
465 553 630 607 equites
664 553 793 595 ducit.
855 554 902 594 in
932 556 1114 608 utroque
1153 554 1324 609 agmine
1366 568 1471 608 quas
1503 556 1673 609 tempus

106 613 248 667 ipsum
269 613 477 666 poscebat
496 612 818 654 adhortationes
838 615 978 654 erant:
1006 613 1210 654 adderent
1230 612 1429 668 gradum3
1456 615 1672 656 maturato

60 684 79 714 7
108 686 215 725 opus
248 685 353 725 esse,
381 674 428 712 ut
453 675 580 713 nocte
608 671 661 713 ad
686 671 857 713 hostem
884 672 1098 726 perveniri
1123 674 1289 725 posset3
1317 673 1534 714 consulem
1557 686 1671 714 exer-

107 731 325 785 citumque
357 729 604 772 Romanum
632 731 835 784 obsideri,
873 731 1048 772 tertium
1088 731 1200 772 diem
1238 731 1325 772 iam
1357 732 1526 773 clausos
1560 746 1669 786 esse3

106 789 208 844 quid
241 803 432 844 quaeque
463 804 548 830 nox
580 792 655 830 aut
686 789 774 830 dies
806 789 935 843 ferat,
966 789 1178 830 incertum
1212 804 1321 843 esse3
1356 792 1517 844 puncto
1545 804 1672 845 saepe

58 860 78 891 8
104 848 313 901 temporis
341 848 626 889 maximarum
651 863 793 889 rerum
813 850 1033 890 momenta
1052 849 1174 889 verti.
1220 848 1437 903 ‘accelera7
1465 848 1676 904 signifer',

110 906 318 961 ‘sequere‚
339 906 478 948 miles'
508 907 621 947 inter
642 922 686 948 se
707 921 876 961 quoque
897 907 1191 962 gratificantes
1212 907 1390 949 ducibus
1417 908 1677 950 clamabant.

108 966 251 1007 media
294 969 420 1007 nocte
465 966 512 1006 in
549 966 756 1021 Algidum
794 966 1048 1020 perveniunt
1090 968 1148 1020 et,
1192 968 1240 1007 ut
1285 980 1453 1008 sensere
1498 981 1542 1009 se
1587 968 1675 1008 iam

104 1039 237 1079 prope
268 1024 415 1066 hostes
449 1038 558 1078 esse,
592 1025 719 1079 signa
751 1025 1031 1066 constituunt.

33 1085 88 1127 28
222 1083 290 1125 Ibi
317 1083 512 1137 dictator,
544 1087 751 1138 quantum
775 1086 902 1126 nocte
929 1083 1116 1138 prospici
1142 1085 1331 1139 poterat,
1358 1098 1466 1139 equo
1495 1084 1673 1126 circum-

103 1145 249 1184 vectus
283 1143 701 1198 contemplatusque,
739 1143 812 1198 qui
842 1146 1007 1185 tractus
1042 1145 1278 1185 castrorum
1307 1157 1500 1198 quaeque
1533 1143 1674 1186 forma

105 1204 240 1256 esset,
271 1202 456 1243 tribunis
490 1202 677 1243 militum
709 1202 955 1256 imperavit,
987 1205 1036 1243 ut
1068 1202 1258 1244 sarcinas
1290 1202 1336 1244 in
1366 1217 1499 1244 unum
1532 1202 1670 1244 conici

105 1260 300 1315 iubeant,
345 1261 527 1302 militem
570 1275 666 1302 cum
698 1262 829 1303 armis
862 1262 1061 1316 valloque
1100 1260 1237 1302 redire
1269 1261 1315 1302 in
1346 1259 1515 1303 ordines
1559 1275 1672 1304 suos.

57 1332 78 1363 2
104 1319 240 1374 facta,
272 1334 380 1374 quae
412 1320 649 1374 imperavit.
712 1324 817 1375 tum,
855 1335 937 1375 quo
970 1319 1144 1362 fuerant
1175 1320 1323 1362 ordine
1356 1321 1401 1362 in
1432 1320 1521 1376 via,
1556 1335 1673 1363 exer-

150 1450 182 1481 4.
209 1447 373 1493 yravior]
399 1447 456 1481 ‘zu
478 1447 669 1482 drfickend
690 1446 750 1482 fiir
765 1474 771 1482 .
789 1475 819 1484 ..
842 1475 850 1491 ‚

103 1494 214 1528 naml.
241 1494 332 1529 siber
357 1498 402 1529 46
429 1495 552 1530 Jahre.

149 1547 368 1593 vallumque]
403 1547 506 1593 Sing.
540 1547 578 1582 in
604 1547 850 1583 kollektivem

103 1593 214 1629 Sinne
241 1594 347 1639 (Kap.
376 1599 431 1638 29,
461 1597 506 1639 1).

153 1656 183 1687 5.
211 1654 308 1688 unde
334 1654 427 1688 statt
452 1654 517 1688 ubi
542 1654 612 1688 mit
636 1653 761 1698 Bezug
787 1654 852 1689 auf

103 1700 168 1735 das
202 1712 267 1735 aus
303 1711 483 1745 sumpsere
508 1713 551 1735 zu
577 1701 849 1736 entnehmende

103 1758 249 1782 sumere.

150 1804 182 1836 6.
225 1801 417 1844 composito
448 1801 607 1847 aymine]
649 1802 849 1837 nachdem

102 1849 156 1882 sie
194 1847 253 1882 die
292 1848 602 1883 Marschkolonne
645 1848 849 1894 gebildet'3

101 1893 187 1929 Tac.
221 1894 313 1929 Ann
350 1898 490 1939 12,16
534 1899 622 1931 tunc
657 1897 850 1941 composito

103 1943 247 1987 aymine
272 1943 454 1977 incedunt.

148 1995 290 2041 itineri]
317 1994 392 2030 Das
417 1995 488 2040 Adj
493 1995 595 2030 ektiv
621 1999 730 2040 aptus
756 1995 849 2031 wird

102 2042 199 2076 auch
223 2042 285 2076 bei
309 2041 435 2077 Cicero
463 2042 643 2077 zuweilen
668 2043 738 2077 mit
764 2043 848 2077 dem

101 2088 214 2123 Dativ
239 2090 455 2124 verbunden
482 2089 586 2134 (Kap.
617 2094 674 2132 17,
697 2092 766 2135 10).

150 2136 245 2181 apti]
293 2136 468 2171 ‘bereit'.
521 2136 733 2181 Eigentlich
777 2137 847 2171 soll

101 2182 236 2217 hiemit
267 2182 326 2217 die
359 2183 540 2227 passende
568 2183 748 2228 ordnung
782 2184 848 2218 der

100 2229 277 2274 Truppen
315 2230 535 2265 bezeichnet
565 2230 732 2274 werden3
771 2230 846 2265 die-

102 2276 202 2311 selbe
222 2277 313 2311 wird
336 2277 471 2321 jedoch
493 2277 566 2312 den
583 2277 750 2312 Fiihrern
769 2277 846 2312 bei-

102 2324 247 2368 gelegt,
292 2324 366 2358 und
405 2335 500 2358 zwar
538 2323 576 2358 in
614 2324 715 2359 einer
752 2335 846 2369 ganz

101 2370 384 2405 unklassischen
403 2370 686 2406 Konstruktion.
716 2371 846 2406 Besser

103 2422 216 2452 w'are:
238 2429 317 2453 cum
331 2419 413 2462 apti
429 2422 551 2454 essent.
580 2418 663 2463 Vgl.
682 2418 741 2463 10,
755 2423 812 2463 34,
825 2423 845 2454 5

100 2466 227 2500 consul
258 2466 313 2499 ita
337 2467 554 2509 compositus
577 2467 846 2511 instructusque

101 2513 286 2547 moenibus
310 2514 487 2547 successit.

148 2565 220 2611 ita]
259 2565 293 2599 d.
319 2565 355 2600 h.
388 2569 429 2600 ut
457 2566 717 2610 proeliandum
748 2570 843 2601 esset.

103 2612 213 2647 W'are
257 2612 322 2646 der
365 2611 481 2647 Feind
525 2613 757 2656 erschienen‚
804 2623 844 2648 so

101 2659 231 2693 h'atten
264 2659 316 2694 sie
349 2660 458 2694 rasch
485 2659 544 2695 die
575 2659 844 2696 Schlachtlinie

100 2705 227 2740 bilden
251 2706 410 2742 konnen.

148 2758 434 2805 adhortationes]
467 2759 578 2794 naml.
613 2758 679 2793 der
710 2758 844 2794 beiden

101 2803 296 2848 Anffihrer,
321 2806 390 2840 wie
417 2810 436 2848 ξ
463 2809 483 2840 8
509 2806 616 2851 zeigt.

150 2861 180 2892 7.
193 2859 364 2894 adderent
380 2859 552 2904 qradam]
568 2859 680 2895 n’aml.
693 2860 843 2904 yradui,

925 1464 969 1476 =
985 1447 1036 1482 sie
1058 1446 1194 1482 sollten
1214 1447 1286 1482 den
1305 1446 1454 1482 Marsch
1473 1447 1670 1483 beschleu—

923 1495 1047 1539 nigen.
1075 1494 1135 1538 26,
1163 1498 1196 1538 9,
1223 1498 1243 1529 5
1270 1498 1311 1529 ut
1337 1496 1485 1530 adderet
1503 1496 1670 1540 gradum.

970 1541 1170 1587 matwrato]
1216 1542 1505 1587 Begrl’indendes
1550 1543 1669 1587 Asyn-

923 1589 1046 1624 deton.
1097 1587 1177 1623 Den
1215 1588 1297 1623 Abl.
1333 1587 1430 1624 Part.
1470 1589 1565 1624 Perf.
1605 1589 1667 1624 bei

922 1646 1014 1680 opus
1040 1639 1090 1670 est
1115 1636 1182 1670 hat
1207 1635 1335 1671 Cicero
1361 1636 1492 1678 selten,
1520 1637 1586 1672 das
1612 1636 1667 1671 al—

921 1684 1001 1718 tere
1026 1681 1171 1726 Latein,
1199 1681 1340 1718 Sallust
1365 1683 1442 1718 und
1464 1682 1590 1719 Livius
1617 1683 1674 1719 oft

925 1730 1032 1775 (Kap.
1060 1733 1116 1774 38,
1144 1733 1183 1772 4;
1208 1733 1265 1774 44,
1293 1731 1341 1774 8).

971 1781 1150 1812 momenta
1170 1777 1277 1823 verti]
1305 1777 1365 1812 die
1385 1776 1669 1823 Entscheidung

924 1825 1019 1869 gehe
1044 1835 1112 1859 vor
1138 1824 1226 1859 sich.
1263 1824 1348 1869 Vgl.
1369 1824 1454 1859 Tac.
1475 1824 1570 1860 Ann.
1593 1827 1626 1870 5,
1646 1829 1669 1860 4

924 1872 1089 1907 brevibus
1114 1872 1300 1907 momentis
1324 1882 1465 1907 summa
1491 1873 1592 1908 verti.

971 1922 1002 1953 8.
1035 1919 1132 1954 inter
1155 1930 1191 1954 se
1215 1922 1364 1964 quoque]
1390 1930 1435 1954 zu
1461 1919 1667 1955 verbinden

923 1965 993 2001 mit
1017 1967 1236 2003 clamabant.

968 2013 1232 2059 gratificantes]
1264 2025 1309 2047 zu
1342 2013 1530 2057 Gefallen‚
1564 2025 1665 2057 χαρι-

922 2057 1081 2104 ζόμενοι.

967 2106 1030 2141 28.
1072 2112 1101 2141 1.
1136 2106 1478 2152 contemplatusque]
1512 2105 1663 2142 Beiord-

919 2165 1022 2198 nung
1042 2154 1135 2188 statt
1149 2154 1439 2198 Unterordnung
1458 2154 1522 2188 des
1540 2155 1664 2188 ersten

918 2199 1027 2234 Teils.
1065 2199 1158 2235 Dem
1181 2199 1293 2236 Sinne
1312 2201 1409 2235 nach
1427 2201 1528 2235 kann
1547 2212 1664 2245 qaan-

918 2251 996 2281 tum
1020 2251 1122 2282 nocte
1140 2249 1308 2292 prospici
1326 2251 1473 2292 poterat
1504 2260 1574 2282 nur
1599 2247 1668 2283 auf

920 2296 1180 2339 contemplatus
1216 2295 1381 2340 bezogen
1415 2295 1580 2338 werden,
1618 2307 1664 2330 zu

919 2341 1099 2376 walchem
1144 2353 1231 2387 equo
1275 2343 1532 2378 circumvectus
1580 2342 1663 2377 eine
1714 2342 1717 2345 ’

918 2389 1232 2470 ἓῃὺθτὲθοῐᾶῃθῒθ
1255 2389 1512 2435 Bestimmung
1537 2389 1663 2424 hinzu-

935 2437 1011 2481 figis.

965 2484 1119 2529 tractus]
1147 2483 1347 2528 Richssung,
1371 2483 1636 2527 Ausdehnung.

965 2531 1129 2576 iubeant]
1164 2530 1203 2565 in
1234 2530 1422 2565 lebhafter
1446 2529 1660 2574 Erzahlung

918 2579 1012 2612 statt
1032 2579 1209 2621 iuberent,
1235 2578 1290 2612 als
1317 2579 1429 2622 ginge
1449 2577 1515 2611 das
1536 2576 1658 2611 Praes.

917 2625 1003 2660 hist.
1030 2626 1185 2670 imperat
1209 2635 1352 2660 vorans.

964 2672 1080 2717 faeta]
1110 2688 1153 2700 =
1178 2683 1222 2706 ea
1245 2672 1348 2714 facta
1371 2673 1467 2705 sant.

965 2723 996 2754 2.
1033 2729 1102 2763 quo
1127 2719 1277 2762 fuerant
1301 2716 1444 2763 ordine]
1471 2733 1515 2746 =
1541 2718 1660 2752 eodem

916 2766 1056 2809 ordine,
1082 2776 1151 2810 quo
1174 2766 1334 2809 fuerant.
1371 2763 1439 2799 Die
1460 2763 1660 2799 Centurien

916 2812 1056 2847 rfieken
1091 2813 1130 2847 in
1166 2812 1231 2846 der
1264 2810 1436 2856 gleichen
1467 2810 1658 2856 ordnung,

917 2859 986 2894 wie
1024 2858 1078 2894 sie
1115 2858 1182 2893 auf
1216 2859 1301 2894 dem
1331 2857 1501 2894 Mal-eche
1532 2858 1658 2893 hinter
