1799 3105
134 68 219 109 120
687 67 833 102 LIBER
857 67 901 103 ΙΙ.
953 66 1056 102 CAP.
1085 71 1141 104 54.

1449 84 1475 103 a.
1499 85 1526 103 u.
1548 78 1609 103 280.
1631 77 1696 106 281.

87 188 107 217 3
135 179 201 217 Cn.
242 179 440 216 Genucius
480 177 663 215 tribunus
700 176 826 227 plebis
865 178 1042 227 arripuit.
1082 199 1135 203 —
1177 178 1217 216 L.
1257 178 1444 217 Aemilius
1483 184 1521 217 et
1558 177 1699 229 Opiter

135 237 342 288 Verginius
376 236 622 274 «nummatum
656 237 809 287 ineunt,
842 234 1053 286 Vopiscum
1079 235 1220 274 lulium
1250 249 1321 287 pro
1341 236 1524 287 Verginio
1546 238 1584 275 in
1611 238 1696 288 qui-

137 296 300 335 busdam
333 295 538 333 annalibus
571 294 773 333 consulem
801 296 966 332 invenio.
1012 295 1084 333 hoe
1113 307 1213 333 anno
1235 317 1290 322 —
1313 307 1582 348 quoscumque
1605 308 1696 335 con-

136 355 242 393 sules
275 354 408 393 habuit
439 376 492 380 -
514 355 572 391 rei
605 353 650 391 ad
685 352 873 404 populum
902 352 1045 391 Furius
1079 360 1117 392 et
1143 353 1308 393 Manlius
1341 356 1589 393 circumeunt
1615 367 1697 393 sor-

89 424 109 453 4
136 414 258 452 didati
291 426 366 451 non
400 412 553 463 plebem
586 413 709 462 magis
743 424 858 463 quam
890 413 1065 450 iuniores
1098 418 1265 463 patrum.
1317 413 1494 465 suadent,
1526 418 1698 465 monent,

136 472 353 511 honoribus
380 477 414 509 et
444 471 781 509 adn1inisn·atio11e
810 473 867 509 rei
892 470 1072 522 publicae
1093 471 1331 523 abstineant,
1358 472 1585 511 consulares
1604 484 1698 510 vero

138 532 278 582 fast-1¹⁵,
324 536 564 581 praetextam
609 529 866 581 enrulemque
914 529 1047 569 sellam
1085 530 1181 569 nihil
1220 530 1323 569 aliud
1363 543 1479 582 quam
1517 542 1700 582 pompam

139 591 288 628 funeris
332 595 489 640 putent,
533 588 649 627 elaris
688 588 908 639 insignibus
947 589 1053 627 velut
1090 589 1224 628 insulis
1264 589 1408 628 velatos
1447 589 1492 627 ad
1532 594 1699 628 mortem

91 659 110 687 ἱ)
139 649 339 687 destinari.
404 648 507 699 quod
549 649 581 685 si
619 647 846 686 consulatus
886 653 992 686 tanta
1024 648 1190 687 dulcedo
1225 650 1290 700 sit,
1330 649 1405 687 iam
1437 660 1542 686 nune
1574 649 1627 687 ita
1658 649 1700 686 in

138 709 311 745 animum
350 707 556 758 inducant,
596 706 842 745 consulatum
881 712 1038 758 captum
1072 713 1109 745 et
1143 720 1376 758 oppressum
1408 707 1455 745 al)
1488 707 1700 745 tribunicia

139 771 332 817 potestate
365 778 469 817 esse,
503 765 667 817 consuli,
700 765 802 803 velut
832 767 1046 816 apparitori
1074 766 1297 817 tribunicio,
1331 767 1459 804 omnia
1486 766 1531 804 ad
1559 771 1700 804 nutum

91 835 111 865 6
138 827 427 876 imperiumque
462 824 609 862 tribuni
643 825 789 873 agenda
823 837 926 876 esse,
973 826 1005 862 si
1038 837 1079 863 se
1112 826 1384 876 commoverit,
1417 826 1450 862 si
1483 825 1701 876 respexerit

139 890 281 935 patres,
316 885 348 921 si
381 883 483 921 aliud
519 896 633 933 quam
667 883 821 933 plebem
855 896 939 921 esse
966 885 1005 921 in
1034 896 1074 921 re
1102 883 1257 934 publica
1284 883 1509 934 crediderit,
1541 883 1701 922 exilium

139 943 206 981 Cu.
234 942 365 994 Marci,
398 942 552 980 Meneni
579 942 868 980 damnationem
901 948 935 979 et
971 947 1138 980 mortem
1171 942 1246 980 sibi
1275 947 1469 993 proponat
1495 947 1583 980 ante
1610 954 1701 980 ocu-

92 1012 111 1042 τ
140 1002 208 1039 los.
272 1002 333 1039 his
373 1002 529 1039 accensi
567 1000 730 1039 vocibus
768 1006 900 1051 patres
942 1001 1102 1039 consilia
1140 1001 1229 1039 inde
1264 1013 1341 1039 non
1373 1000 1529 1052 publica
1561 1000 1630 1039 sed
1661 1002 1703 1038 in

140 1062 291 1111 privato
337 1060 577 1110 seductaque
616 1072 635 1097 a
674 1059 847 1110 plurium
894 1061 1135 1098 conscientia
1179 1059 1363 1098 habuere.
1425 1059 1495 1098 ubi
1532 1071 1622 1098 oum
1662 1059 1703 1098 id

140 1119 255 1157 modo
295 1124 511 1170 constaret,
550 1119 636 1157 iure
676 1131 723 1157 an
757 1120 900 1157 iniuria
933 1119 1158 1169 eripiendos
1191 1131 1276 1157 esse
1310 1131 1416 1171 reos,
1458 1119 1704 1157 atrocissima

187 1236 220 1267 3.
257 1233 308 1266 rei
334 1232 382 1267 ad
402 1243 455 1276 p.‚
480 1231 685 1276 angeklagt
710 1242 777 1266 vor
802 1231 885 1266 dem
959 1232 1013 1267 ita
1039 1259 1046 1266 .

139 1278 261 1314 Volke
298 1279 336 1314 in
372 1279 441 1313 den
473 1278 800 1320 T1·ibutcomitien;
838 1279 886 1313 aa

141 1327 225 1361 sehr
245 1325 301 1361 oft
320 1342 363 1354 =
384 1326 495 1370 apud,
516 1325 745 1360 namentlieh
764 1325 802 1359 in
821 1337 885 1370 ge-

140 1373 363 1407 richtlichen
389 1372 631 1407 Ausdriicken
659 1374 699 1416 (s.
720 1373 816 1406 auch
842 1384 885 1406 zu

144 1425 173 1461 1,
201 1424 233 1463 3,
260 1423 312 1463 8),
345 1430 516 1454 accusare
542 1421 590 1454 ad
616 1423 671 1463 43,
699 1423 732 1462 8,
759 1423 789 1453 9.
828 1423 885 1461 40,

142 1471 198 1510 24,
227 1471 243 1501 1
271 1479 306 1500 ιι.
322 1470 353 1502 ὃ.
380 1467 473 1501 diem
493 1467 620 1508 dicere,
646 1478 674 1501 z.
689 1466 728 1501 B.
752 1470 806 1509 29,
829 1470 883 1507 37,

144 1518 197 1549 17.
238 1514 447 1557 criminari,
480 1526 506 1548 z.
535 1513 573 1548 B.
603 1518 639 1556 3,
668 1517 728 1555 31,
757 1517 787 1548 4.
827 1525 885 1547 ar-

141 1571 248 1605 quere
273 1565 335 1604 33,
362 1564 423 1604 47,
459 1565 478 1595 6
506 1572 540 1596 u.
567 1564 598 1595 ii.
627 1581 668 1584 —
696 1560 886 1603 sordidati,

1071 1259 1079 1267 .
1105 1232 1195 1273 ind„
1220 1233 1275 1266 ita
1299 1231 1361 1267 bei
1384 1232 1425 1266 L.
1452 1231 1558 1274 oster,
1583 1242 1640 1267 wo
1666 1242 1707 1266 es

959 1278 1161 1323 eigentlich
1181 1278 1400 1323 fiberfltissig
1419 1278 1614 1321 emcheinta,
1633 1277 1704 1312 wie

959 1325 1049 1368 hier,
1076 1329 1132 1368 40,
1159 1329 1214 1368 34,
1242 1329 1272 1360 9.
1308 1325 1390 1370 Vgl.
1419 1329 1474 1369 34,
1501 1329 1559 1368 34,
1583 1329 1604 1359 2
1629 1326 1705 1360 iam

960 1383 1057 1406 mone
1087 1373 1152 1407 hoe
1182 1373 1236 1406 ita
1259 1383 1461 1416 proponere
1485 1383 1546 1408 vos
1571 1373 1708 1407 animis

958 1422 1106 1464 oportet,
1132 1420 1396 1454 hiberna-ndum
1411 1447 1417 1454 .
1434 1447 1441 1454 .
1457 1429 1536 1454 esse.
1576 1423 1632 1462 38,
1649 1423 1704 1462 13,

960 1471 979 1501 6
1005 1467 1107 1509 fama
1125 1467 1180 1500 ita
1198 1469 1301 1510 tenet,
1324 1467 1525 1511 Marsyan.
1538 1469 1706 1500 ,certasse

959 1525 993 1546 u.
1015 1517 1046 1548 ὃ.
1068 1534 1111 1538 -
1133 1513 1178 1547 ab
1204 1514 1284 1547 trib.
1308 1517 1397 1557 pot„
1424 1513 1468 1547 ab
1494 1512 1599 1547 nicht:
1625 1512 1704 1548 auf-

958 1560 1079 1604 fatilig,
1105 1560 1189 1594 weil
1210 1577 1254 1589 =
1277 1561 1321 1595 ab
1347 1560 1506 1594 tribunis
1525 1559 1707 1604 (Personi-

143 1619 168 1642 s.
196 1619 240 1641 zu
267 1619 296 1642 c.
323 1611 385 1650 35,
418 1612 437 1642 5
472 1618 556 1642 reos.
584 1627 627 1633 —-
655 1608 815 1641 iuniores
837 1618 886 1650 p„

142 1654 261 1689 damit
280 1654 379 1689 diese
401 1654 470 1688 den
487 1654 675 1689 Tribunen
694 1653 887 1698 energisch

146 1701 379 1736 Widerstand
405 1701 548 1736 leisten.

191 1752 222 1783 4.
246 1749 348 1782 suad.
363 1759 469 1790 mon„
489 1748 580 1783 tiber
594 1748 658 1782 das
672 1748 888 1792 Asyndeton

141 1795 374 1830 verwandter
401 1795 559 1839 Begriffe
585 1807 611 1830 s.
639 1807 684 1828 zu
710 1806 738 1829 c.
768 1798 828 1838 10,
854 1799 886 1829 4.

147 1862 186 1867 —
208 1853 301 1884 vero,
327 1842 416 1876 aber
435 1853 511 1886 gar,
537 1841 714 1885 vollends,
743 1846 774 1885 4,
804 1846 834 1884 1,
855 1845 886 1876 3.

143 1893 204 1932 21,
234 1893 270 1932 7,
299 1893 352 1924 10.
393 1892 448 1932 22,
474 1893 506 1932 3,
534 1893 552 1923 7
578 1901 613 1923 ιι.
641 1893 673 1923 ὃ.
701 1909 742 1913 -—
764 1900 804 1932 p.
830 1889 888 1931 fu-

147 1937 251 1978 neris,
269 1936 327 1970 ein
341 1935 573 1981 glanzendes,
588 1936 676 1970 aber
689 1947 771 1970 zum
787 1935 888 1970 Tode

144 1983 343 2017 fiihrendes
371 1982 576 2027 Gepr'zinge.
592 2003 634 2008 —
655 1983 788 2025 infulis
814 1983 889 2024 vel„

122 2029 242 2064 'diese
263 2029 451 2073 Insignien
477 2030 578 2065 seien
603 2029 672 2064 wie
694 2029 888 2073 prerbin-

145 2076 227 2117 den,
255 2076 326 2109 mit
351 2077 467 2110 denen
494 2076 552 2110 die
579 2088 661 2110 zum
689 2076 888 2120 Opfertode

144 2122 385 2157 bestimmten
394 2122 527 2157 Thiere
539 2123 782 2167 geschmiiekt
792 2134 889 2157 wur-

145 2169 226 2203 den.
277 2168 372 2203 Flor.
413 2173 450 2211 4,
489 2173 527 2212 2,
567 2173 609 2203 92
645 2180 736 2213 quae
767 2170 888 2204 omnia

146 2217 240 2250 velut
270 2216 412 2258 infulae
455 2217 491 2249 ιή
531 2217 747 2250 destinatam
786 2217 891 2250 morti

148 2263 328 2297 victimam
348 2263 640 2306 eonyerebantnr.
657 2283 699 2287 -
721 2263 769 2297 ad
790 2267 888 2297 mort.

147 2310 342 2351 destinari,
375 2310 554 2344 destinare
595 2310 649 2344 als
683 2309 793 2354 Opfer
830 2310 890 2344 be-

147 2355 332 2398 zeichnen,
354 2368 436 2390 zum
451 2356 554 2391 Tode
568 2356 799 2398 bestimmen,
820 2368 891 2391 von

148 2403 422 2447 Opferthieren,
454 2404 523 2438 wie
549 2404 658 2448 Verg.
687 2407 719 2448 2,
748 2407 813 2437 129
842 2415 892 2437 me

148 2450 305 2484 destinat
330 2461 417 2484 arae
443 2452 528 2495 (von
555 2450 691 2495 Sinon).
737 2450 822 2495 Vgl.
850 2450 889 2485 L.

148 2500 186 2538 ὃ,
222 2500 282 2539 40,
318 2502 334 2530 1
369 2498 522 2532 seniores
555 2499 661 2532 morti
685 2498 889 2532 destinatos.

149 2547 209 2584 24,
250 2547 312 2586 25,
354 2548 373 2578 3
419 2545 554 2579 debitos
590 2545 697 2579 morti
735 2545 890 2579 destina-

149 2594 278 2634 cosque.

196 2640 228 2670 5.
256 2638 325 2671 iam
354 2648 452 2671 nune
477 2638 604 2682 (bevor
629 2638 680 2673 sie
701 2638 766 2672 das
787 2638 891 2673 Cone.

148 2683 525 2727 fibernahmen)‚statt
536 2684 628 2719 tam
616 2697 655 2719 m
665 2684 724 2720 Or.
735 2685 807 2719 obl.
812 2696 893 2728 ,um

150 2740 193 2763 zu
231 2731 600 2782 vergegenwzirtigen
636 2732 889 2776 (Repr'zisen'ta-

146 2775 226 2810 tion
253 2788 291 2810 m
317 2777 382 2811 der
408 2777 466 2811 Or
495 2778 737 2822 obl)3‚40,
766 2782 819 2812 12.
859 2781 892 2822 8,

148 2826 891 2869 33183240210u0—

959 1607 1133 1651 fieation),
1160 1611 1216 1650 40,
1238 1611 1294 1650 32,
1315 1611 1336 1641 4
1363 1619 1386 1642 α
1410 1608 1541 1651 quinta
1559 1607 1705 1651 leqione.

961 1658 1016 1697 21,
1043 1658 1099 1697 33,
1126 1658 1157 1689 5.
1193 1658 1250 1696 25,
1278 1658 1333 1697 23,
1360 1658 1381 1689 8
1408 1657 1536 1698 captus
1560 1654 1606 1688 ab
1630 1653 1706 1688 Ro-

962 1702 1079 1735 mam's
1103 1701 1259 1735 navibus
1279 1705 1355 1736 erat
1374 1713 1408 1735 ιι.
1428 1705 1460 1736 ὃ.
1476 1720 1520 1726 —
1533 1700 1576 1734 in
1594 1701 1706 1736 anim.

961 1749 1051 1790 incl„
1076 1759 1101 1782 s.
1130 1760 1173 1782 zu
1200 1753 1230 1792 1,
1259 1752 1313 1793 17,
1339 1752 1371 1782 4.
1399 1769 1443 1772 —
1470 1748 1648 1792 apparit„
1677 1759 1706 1782 s.

960 1807 1004 1829 zu
1032 1799 1061 1838 1,
1089 1797 1121 1838 8,
1147 1798 1179 1829 3.

1010 1869 1041 1900 6.
1080 1866 1113 1899 si
1148 1875 1183 1900 se
1215 1875 1355 1907 comm„
1395 1864 1518 1899 ‘wenn
1557 1875 1596 1899 er
1628 1864 1710 1909 (der

963 1912 1113 1956 Consul)
1145 1911 1224 1946 sich
1261 1924 1330 1946 nur
1365 1911 1507 1956 riihrt',
1547 1912 1649 1946 sonat
1672 1921 1708 1946 se

960 1969 1096 1994 movere
1119 1962 1151 2001 8,
1172 1963 1228 2003 22,
1249 1963 1280 1994 9.
1308 1963 1341 2002 3,
1361 1962 1418 2003 20,
1438 1963 1459 1994 8
1484 1970 1518 1993 u.
1541 1962 1586 2003 ὃ.,
1611 1958 1708 1993 auch

961 2016 1097 2041 movere
1116 2006 1228 2040 allein
1248 2009 1304 2049 42,
1327 2009 1383 2049 64,
1398 2009 1428 2040 9.
1442 2025 1487 2031 -
1502 2005 1566 2040 Cn.
1580 2005 1710 2039 Marci

961 2053 1074 2087 naml.
1091 2052 1289 2087 Coriolani.
1311 2071 1353 2076 —
1374 2052 1445 2086 sibi
1461 2062 1568 2095 prop.
1590 2063 1623 2086 a.
1644 2062 1707 2094 oc„

961 2099 1030 2134 wie
1058 2103 1089 2142 9,
1116 2103 1148 2142 5,
1169 2102 1207 2141 83
1233 2101 1358 2143 sp‘z‘t‘cer
1382 2100 1465 2144 sagi:
1486 2098 1527 2133 L.
1555 2102 1637 2133 ante
1656 2109 1706 2133 oc.

955 2155 1159 2190 proponere
1179 2150 1235 2188 21,
1253 2150 1305 2188 10,
1323 2149 1341 2179 7
1364 2145 1453 2180 oder
1467 2157 1498 2181 a.
1515 2155 1708 2190 oe.ponere

963 2197 1019 2235 24,
1047 2196 1105 2236 24,
1131 2195 1150 2226 8
1178 2193 1262 2236 (wie
1289 2191 1387 2235 (Βία).

1013 2267 1042 2297 7.
1072 2263 1113 2296 in
1133 2263 1294 2307 privato,
1321 2275 1346 2297 s.
1368 2274 1411 2296 zu
1431 2273 1460 2297 c.
1482 2266 1538 2306 24,
1560 2266 1591 2297 7.
1622 2261 1707 2307 Vgl.

966 2320 995 2344 o.
1022 2312 1078 2353 28,
1105 2313 1142 2353 3;
1170 2313 1226 2352 32,
1249 2313 1278 2343 1.
1300 2329 1343 2334 —-
1365 2310 1530 2352 consilia,
1555 2313 1588 2352 3,
1609 2312 1665 2351 65,
1686 2311 1707 2343 8

965 2357 1146 2399 coitiones,
1167 2356 1335 2401 geheime
1347 2356 1646 2402 Verbindungen.
1661 2375 1706 2380 —

965 2415 1044 2438 cum
1064 2405 1104 2438 id
1122 2404 1226 2438 modo
1240 2406 1363 2446 const„
1383 2402 1529 2438 ‘sobald
1539 2414 1627 2438 man
1639 2413 1709 2436 nur

966 2452 1040 2485 eret
1061 2450 1167 2486 darin
1187 2449 1414 2495 einstimmig
1432 2460 1519 2494 war,
1540 2460 1578 2484 es
1591 2452 1708 2483 miiss-

963 2499 1027 2532 ten
1055 2528 1061 2535 .
1125 2498 1236 2541 .(um
1264 2497 1394 2550 jeden·
1403 2496 1520 2540 Preis)
1546 2496 1709 2541 gerettei:

963 2544 1138 2579 werden’.
1155 2565 1197 2569 —
1213 2555 1292 2578 zare
1311 2555 1362 2578 an
1378 2543 1534 2585 i‘niwria,
1557 2541 1709 2577 verbale

962 2591 1103 2636 Ellipse
1129 2608 1173 2619 =
1204 2594 1327 2625 utrum
1363 2591 1443 2624 iare
1478 2600 1529 2624 an
1564 2589 1710 2623 iniuria

966 2639 1190 2682 eripeiwentm
1220 2637 1314 2671 nihil
1343 2638 1524 2679 interesse,
1559 2635 1621 2670 ‘ob
1646 2635 1714 2670 auf

967 2685 1050 2719 dem
1082 2684 1198 2738 Wege
1231 2684 1432 2726 Rechtens,
1465 2683 1511 2717 ob
1543 2682 1613 2717 mil:
1637 2681 1708 2717 Ge-

965 2731 1070 2773 walt,
1109 2732 1163 2766 sei
1201 2741 1237 2765 es
1270 2729 1336 2764 auf
1363 2729 1588 2774 gesetzliche
1620 2729 1709 2764 oder

964 2777 1237 2822 ungesetzliche
1263 2775 1403 2810 Weise’
1410 2804 1416 2811 .
1457 2775 1538 2820 Vgl.
1562 2780 1592 2820 1,
1610 2779 1667 2819 23,
1687 2778 1708 2810 8

966 2828 1055 2858 reete
1074 2835 1123 2858 an
1136 2833 1327 2868 perperam
1347 2823 1408 2867 (sc.
1429 2823 1518 2866 fiat).
1547 2826 1578 2866 1,
1599 2825 1655 2866 33,
1675 2825 1709 2857 8.
