1799 3105
69 752 108 781 11

137 100 193 141 64
691 98 836 132 LIBER
861 98 902 133 Il.
953 96 1053 133 CAP.
1081 101 1139 132 27.

1539 113 1566 133 a.
1592 114 1620 132 u.
1645 107 1707 135 259.

137 215 294 260 sperato
327 211 432 247 0111111
465 208 673 247 consulum
711 213 949 259 senatusque
983 207 1145 258 auxilio,
1179 219 1269 246 cum
1307 209 1347 246 in
1381 209 1441 247 ius
1475 208 1567 247 duci
1600 207 1705 247 debi-

136 275 264 307 torem
291 268 496 318 vidissent,
523 267 698 317 undique
722 266 990 305 convolabant.
1035 278 1164 317 neque
1191 266 1396 305 decretum
1416 267 1594 306 exaudiri
1615 279 1705 305 0011-

137 327 234 366 sulis
267 340 359 378 prae
388 328 557 376 strepitu
584 332 618 363 01
648 325 817 364 clamore
850 330 1021 376 poterat,
1054 337 1200 376 neque,
1234 337 1323 364 cnm
1349 325 1567 377 decresset,
1600 327 1706 377 quis-

138 399 254 437 quam
293 384 599 435 obtemperabat.
652 386 687 422 vi
731 384 936 435 agebatur,
981 389 1189 435 metusque
1234 385 1361 422 omnis
1406 390 1444 423 et
1485 384 1706 435 pericnlum

139 445 350 495 libertatis,
385 457 475 482 cum
495 445 535 482 111
562 450 779 494 conspectu
806 443 980 482 consulis
1013 443 1157 493 singuli
1190 456 1209 481 a
1241 443 1422 493 pluribus
1454 442 1707 494 violarentur,

139 506 177 542 in
217 504 434 543 creditores
478 516 498 541 a
544 502 790 541 debitoribus
835 508 1045 541 verterant.
1092 515 1211 553 super
1249 502 1345 541 haec
1385 504 1504 540 timor
1541 503 1705 541 incessit

140 563 274 601 Sabini
307 562 415 614 lwlli,
454 562 680 612 dilectuque
714 561 872 600 decreto
906 574 1020 599 nemo
1053 573 1196 599 nomen
1230 561 1353 613 dedit,
1394 562 1548 600 furente
1581 561 1707 612 Appio

139 628 175 660 et
210 623 427 660 insectante
461 621 715 659 ambitionem
748 620 936 672 collegae,
969 622 1037 672 qui
1069 620 1250 671 populari
1283 620 1439 659 silentio
1472 632 1557 659 rem
1581 619 1707 671 puhli-

138 693 222 719 cam
255 681 442 731 proderet
474 686 511 718 et
545 680 592 718 ad
625 679 681 731 id,
721 679 825 730 quod
859 679 905 718 de
939 679 1087 718 credita
1120 681 1287 730 pecunia
1319 681 1380 717 ius
1413 691 1492 718 non
1531 679 1707 730 dixisset,

139 740 324 791 adiceret,
346 746 389 778 nt
410 752 457 777 110
479 738 668 778 dilectum
689 739 848 789 quidem
869 750 916 776 ex
938 744 1097 777 senatus
1118 738 1298 777 consulto
1320 737 1501 777 haberet:
1521 736 1609 777 11011-
1620 750 1707 777 esse

138 805 269 837 tamen
308 799 503 837 desertam
543 799 701 836 omnino
738 810 821 835 rem
853 797 1051 848 publicam
1083 809 1211 848 neque
1244 799 1466 848 proiectum
1500 796 1706 838 consulare

138 859 365 909 imperium,
411 870 451 895 se
491 869 614 895 unum
647 862 685 895 et
718 869 810 894 suae
844 862 883 895 et
926 862 1082 907 patrum
1120 858 1334 895 maiestatis
1379 856 1574 895 vindicem
1612 856 1707 894 fore.

139 929 228 956 cum
262 918 537 955 circumstaret
571 916 765 954 cotidiana
797 915 1008 954 multitudo
1042 915 1199 953 licentia
1225 928 1406 967 accensa,
1438 916 1560 965 arripi
1585 927 1709 953 unum

138 978 334 1025 insignem
374 976 515 1014 ducem
554 975 793 1013 seditionum
831 975 957 1013 iussit.
1009 974 1072 1012 ille
1111 986 1201 1012 cum
1234 986 1255 1012 a
1286 974 1492 1013 lictoribus
1524 976 1601 1012 iam
1632 979 1708 1012 tra-

138 1035 318 1085 heretur,
344 1036 588 1085 provocavit,
621 1046 693 1072 nec
721 1034 907 1072 cessisset
932 1034 1202 1084 provocationi
1229 1033 1384 1085 consul,
1418 1034 1510 1084 quia
1535 1045 1612 1071 non
1640 1032 1709 1071 du-

139 1094 248 1132 bium
287 1100 372 1132 erat
408 1093 544 1144 populi
582 1092 789 1144 iudicium,
829 1093 905 1130 nisi
943 1104 1058 1143 aegre
1097 1093 1198 1130 victa
1236 1093 1452 1143 pertinacia
1484 1091 1587 1130 soret
1619 1103 1708 1130 con-

139 1153 228 1191 silio
270 1154 394 1203 magis
439 1158 477 1190 et
522 1153 755 1191 auctoritate
794 1152 1020 1202 principum
1058 1163 1175 1202 quam
1214 1151 1349 1202 populi
1387 1151 1574 1190 clamore:
1613 1150 1709 1189 adeo

139 1218 374 1263 supererant
400 1213 520 1250 animi
546 1211 592 1250 ad
621 1211 892 1250 sustinendam
919 1210 1115 1249 invidiam.
1164 1222 1345 1249 crescere
1373 1210 1463 1249 inde
1491 1209 1637 1248 malum
1668 1211 1708 1248 in

140 1272 223 1310 dies
250 1284 329 1309 11011
356 1270 594 1309 clamoribus
626 1269 742 1308 modo
764 1271 929 1320 apertis,
951 1270 1037 1320 sed,
1059 1270 1164 1320 quod
1184 1269 1308 1308 multo
1329 1270 1593 1320 perniciosius
1613 1275 1709 1319 erat,

140 1331 363 1369 secessione
415 1329 661 1380 occultisque
704 1328 937 1380 conloquiis.
1008 1329 1165 1367 tandem
1215 1330 1332 1367 invisi
1377 1327 1482 1379 plebi
1526 1327 1709 1367 consules

139 1391 372 1441 magistratu
405 1388 568 1440 abeunt,
603 1387 793 1427 Servilius
826 1389 996 1438 neutris,
1035 1388 1186 1439 Appius
1218 1387 1398 1439 patribus
1430 1388 1530 1426 mire
1562 1392 1725 1439 gratus,

189 1554 221 1584 8.
254 1550 296 1584 in
327 1550 386 1584 ins
421 1550 524 1592 daei,
564 1560 590 1582 s.
623 1551 642 1590 ξ
677 1553 706 1583 1.
741 1569 783 1572 —
811 1559 890 1582 eam

141 1597 325 1640 vidissent,
352 1596 416 1631 der
437 1596 540 1641 Conj.
566 1595 763 1630 iterativus
790 1596 891 1639 (wie-

1015 1552 1068 1583 11.
1098 1552 1153 1582 12.
1186 1548 1389 1592 proiectum
1414 1548 1519 1592 imp„
1546 1548 1710 1592 proicere

963 1595 1201 1639 preisgeben,
1227 1596 1390 1638 sturzen,
1422 1594 1640 1639 hinwerfen,
1671 1594 1711 1629 in

142 1643 311 1678 derholte
331 1643 547 1688 Handlung)
566 1642 674 1687 Impf.
701 1655 736 1678 u.
764 1643 888 1687 Plusq.

142 1691 204 1725 bei
239 1689 311 1725 Cic.
352 1691 491 1734 selten,
532 1689 627 1725 oster
662 1689 723 1724 bei
757 1690 816 1733 L.;
851 1689 890 1724 in

144 1738 474 1782 Temporalsittzen
506 1737 601 1772 &fter
624 1737 721 1772 nach
746 1738 827 1779 ubi,
860 1749 888 1772 z.

141 1785 182 1819 Β.
210 1790 242 1827 5,
269 1789 326 1828 25,
354 1789 394 1827 2,
421 1797 448 1821 s.
475 1797 519 1818 zu
546 1788 576 1827 1,
605 1788 662 1827 32,
690 1788 744 1820 13.
767 1805 810 1809 —
831 1785 888 1819 cle-

142 1835 292 1875 eretum,
350 1831 409 1867 die
466 1831 764 1876 Entscheidung,
819 1832 892 1866 den

143 1879 348 1914 Sehuldner
379 1879 418 1913 in
446 1879 505 1913 die
531 1879 623 1913 Haft
648 1878 888 1913 abzuffihren.

190 1930 222 1961 9.
249 1927 286 1961 vi
312 1927 503 1970 ayebatur,
532 1936 569 1960 00
595 1925 684 1960 kam
705 1928 792 1969 (von
815 1926 891 1961 Sei-

141 1976 206 2008 ten
231 1973 297 2009 der
320 1973 505 2018 Plebejer)
532 1985 577 2007 zu
603 1973 889 2017 Gewaltthatig-

141 2020 270 2055 keiten
308 2021 384 2055 und
424 2032 463 2055 so
501 2024 668 2055 mussten
697 2019 793 2064 jetzt
831 2020 890 2055 die

143 2067 347 2112 Gleubiger
367 2068 450 2111 (wie
471 2068 605 2101 vorher
625 2066 684 2102 die
702 2068 804 2111 nexi)
831 2067 890 2101 fi’ir

141 2114 221 2149 ihre
229 2114 395 2149 Freiheit
409 2114 484 2149 und
497 2114 731 2158 personliche
747 2113 890 2149 Sicher-

142 2161 222 2196 heit
242 2161 424 2197 fiirchten.
447 2182 490 2186 ——
510 2164 707 2205 verterant,
727 2161 890 2206 intrans,

144 2221 171 2244 s.
199 2220 244 2242 zu
271 2220 299 2244 0.
328 2213 360 2251 3,
388 2213 419 2243 3.

193 2259 247 2290 10.
268 2266 376 2299 super
395 2256 481 2290 haee
501 2272 545 2284 =
562 2258 751 2299 praeterea
771 2254 892 2297 (nieht

142 2302 358 2346 klassiscffl,
389 2302 452 2337 bei
482 2302 522 2336 L.
556 2302 627 2337 oft:
659 2306 717 2344 26,
749 2305 806 2344 21,
836 2307 890 2337 16.

144 2353 200 2392 30,
229 2354 259 2393 1,
281 2353 312 2384 6.
334 2353 368 2392 2,
388 2353 445 2393 31,
471 2354 509 2391 3;
537 2353 594 2392 51,
621 2353 651 2383 2.
682 2352 740 2392 22,
766 2352 824 2392 53,
852 2354 890 2392 33

145 2400 201 2439 01,
217 2401 248 2439 3,
270 2397 365 2431 auch
386 2396 501 2431 durch
520 2407 658 2440 quoque
676 2396 752 2430 und
771 2397 889 2440 etiam,

144 2455 175 2478 Ζ.
194 2443 234 2477 Β.
256 2447 314 2486 23,
329 2448 386 2488 41,
407 2448 439 2478 4.
461 2446 517 2486 28,
532 2448 588 2486 46,
613 2448 667 2485 15,
686 2443 890 2485 verst'eirkt3
928 2446 932 2449 ’

144 2491 240 2525 auch
264 2501 373 2535 super
405 2494 519 2525 cetera
555 2494 611 2534 21,
641 2495 698 2534 31,
727 2494 768 2525 12
795 2502 830 2525 11.
858 2495 889 2525 ὃ.

145 2558 189 2562 -
232 2538 434 2580 silentium,
478 2537 890 2581 Nieht-Einschreiten,

144 2584 417 2629 Unthtttigkeit.
451 2605 495 2610 -—
522 2585 695 2629 adiceret,
721 2588 763 2619 ut
794 2585 890 2619 nach

145 2631 211 2665 der
229 2631 411 2676 Analogie
437 2643 510 2667 von
536 2632 682 2675 aceedit,
708 2635 749 2666 ut
774 2631 889 2676 gebil-

146 2678 226 2721 det,
264 2678 302 2712 in
341 2678 479 2714 diesem
518 2678 628 2713 Sinne
660 2678 721 2713 bei
752 2678 791 2712 L.
825 2674 890 2712 ἅπ.

147 2723 231 2768 εἰει,
266 2725 341 2770 vgl.
368 2726 441 2760 Cic.
467 2738 501 2770 p.
537 2725 609 2770 leg.
637 2725 734 2760 Man.
764 2729 819 2769 17,
846 2729 890 2760 50

146 2772 391 2816 adianyatur,
430 2777 471 2807 ut
503 2800 510 2807 .
542 2801 548 2808 .
583 2773 689 2807 adsit.
752 2772 794 2806 In
827 2783 891 2807 an-

146 2817 272 2851 derem
310 2818 421 2853 Sinne
459 2820 566 2861 adie„
603 2823 644 2854 ut
678 2823 734 2862 33,
766 2823 823 2862 24,
858 2823 888 2853 7.

146 2868 202 2907 34,
230 2868 284 2907 56,
314 2869 367 2899 12.
395 2870 451 2909 37,
480 2870 511 2909 2,
538 2870 570 2900 3.

964 1642 1082 1677 dieser
1107 1641 1329 1686 Bedeutung
1353 1654 1422 1676 nur
1446 1642 1544 1677 noch
1568 1645 1625 1686 22,
1652 1645 1709 1686 44,

963 1693 985 1723 4
1010 1690 1044 1724 si
1067 1690 1156 1733 quid
1176 1689 1350 1733 proiectis
1375 1699 1418 1724 ac
1438 1690 1600 1733 proditis
1626 1690 1711 1734 leyi·

962 1737 1093 1771 onibus
1113 1737 1299 1771 accideret.
1327 1735 1428 1771 Caes,
1449 1736 1485 1770 b.
1507 1747 1537 1770 c.
1560 1740 1590 1779 1,
1611 1739 1668 1779 30,
1689 1740 1710 1771 5

960 1794 1032 1818 sese
1051 1785 1254 1828 proieetwnz
1279 1795 1322 1819 ac
1341 1784 1531 1828 proditum
1556 1794 1636 1819 esse.
1674 1783 1708 1820 b.

963 1843 998 1875 g.
1026 1835 1059 1875 2,
1089 1835 1141 1875 15,
1169 1834 1202 1866 5.
1222 1831 1322 1875 proi.
1354 1831 1533 1866 virtutem.
1561 1850 1605 1856 —
1631 1831 1710 1866 vin-

963 1879 1033 1913 dic.
1065 1879 1224 1920 maiest.,
1256 1877 1326 1913 wie
1359 1889 1388 1912 0.
1422 1882 1484 1922 61,
1517 1882 1540 1912 4
1570 1888 1709 1922 propu-

961 1928 1149 1971 9natorem
1173 1928 1320 1960 senatus
1343 1925 1612 1970 maiestatisque
1631 1925 1711 1960 vin-

964 1973 1076 2008 dicem
1106 1983 1204 2007 suae.
1231 1976 1264 2016 3,
1291 1975 1347 2016 69,
1374 1976 1406 2007 3.
1441 1992 1483 1998 —
1510 1973 1710 2014 cotidiana,

964 2019 1023 2054 die
1062 2019 1260 2064 allt'aglich
1299 2019 1378 2054 sich
1414 2019 1710 2054 versammelnde

963 2083 1007 2095 -—-
1032 2067 1198 2110 adfluens
1218 2067 1347 2101 cotidie
1365 2067 1571 2110 multitudo,
1598 2070 1655 2109 35,
1676 2070 1710 2110 3,

967 2118 996 2148 1.
1014 2134 1057 2139 -—
1075 2125 1112 2148 π.
1132 2114 1288 2156 cessiset,
1308 2112 1396 2147 aber
1416 2124 1455 2148 er
1474 2113 1578 2148 h'atte
1597 2114 1710 2147 trotz-

964 2160 1049 2194 dem
1057 2159 1135 2194 sich
1150 2171 1197 2195 an
1212 2159 1271 2194 die
1284 2161 1493 2204 provocatio
1501 2161 1546 2204 (e.
1556 2162 1590 2204 8)
1607 2159 1712 2195 nieht

964 2206 1132 2251 geke‘nrt.
1143 2228 1185 2231 —
1195 2210 1420 2251 supererant,
1436 2218 1474 2242 00
1488 2218 1565 2242 war
1572 2207 1709 2242 Ueber-

963 2254 1055 2289 ffille
1076 2254 1124 2288 da
1143 2265 1215 2289 von
1231 2281 1277 2296 ..,
1296 2266 1322 2289 0.
1338 2266 1382 2288 zu
1403 2258 1434 2298 1,
1456 2258 1489 2298 6,
1509 2259 1541 2290 3.
1562 2275 1605 2280 -
1629 2255 1710 2289 am*—

963 2302 1030 2344 mi,
1056 2301 1164 2336 Muth
1184 2301 1237 2345 (in
1257 2301 1394 2346 Ffflle),
1419 2313 1445 2337 0.
1472 2313 1516 2336 zu
1545 2305 1576 2344 1,
1597 2305 1654 2344 25,
1675 2305 1707 2336 3.

1014 2352 1068 2383 13.
1089 2350 1290 2392 secessione,
1312 2348 1515 2393 eigentlich
1533 2348 1710 2384 Beiseite·

963 2395 1085 2440 gehen
1115 2407 1161 2430 zu
1191 2395 1502 2441 Besprechungen
1536 2407 1572 2431 u.
1605 2407 1631 2430 s.
1665 2407 1708 2430 w.

964 2442 1052 2487 (vgl.
1079 2446 1145 2486 38,
1167 2446 1222 2486 60,
1243 2447 1263 2477 3
1290 2443 1432 2477 tribuni
1457 2454 1538 2478 eum
1561 2443 1603 2477 in
1628 2453 1709 2478 con-

963 2490 1087 2524 silium
1118 2490 1348 2524 secessissent.
1398 2493 1456 2534 45,
1488 2493 1545 2533 36,
1580 2493 1622 2523 10
1661 2490 1710 2524 ad

964 2537 1236 2571 deliberandum
1260 2537 1489 2572 secessissent.
1521 2540 1555 2580 3,
1589 2540 1647 2579 46,
1673 2538 1708 2579 5)

964 2600 1008 2612 =
1043 2583 1537 2628 Winkelversammlungen,
1584 2582 1708 2617 Clubs.

965 2635 996 2674 6,
1020 2635 1074 2674 19,
1098 2635 1115 2664 1
1144 2634 1290 2665 senatus
1309 2631 1352 2666 de
1375 2630 1567 2665 secessione
1587 2630 1629 2664 in
1648 2630 1709 2664 do-

963 2689 1060 2712 mum
1080 2678 1269 2721 privatam
1288 2677 1406 2720 plebis
1432 2705 1439 2711 .
1462 2705 1469 2712 .
1496 2677 1623 2721 ayitat.
1651 2680 1708 2719 24,

966 2728 982 2758 1
988 2728 1020 2767 6,
1036 2728 1052 2758 1
1059 2727 1091 2760 2.
1101 2744 1146 2749 —-
1155 2725 1371 2768 occultisque
1377 2725 1459 2767 (que
1467 2723 1616 2768 explic.)
1629 2724 1706 2758 coll.

963 2771 1065 2805 fiihrt
1095 2772 1286 2806 secessione
1310 2770 1438 2805 weiter
1462 2781 1545 2813 aus,
1576 2770 1650 2815 vgl.
1677 2781 1708 2805 0.

963 2822 1019 2861 28,
1030 2822 1047 2852 1
1060 2821 1177 2852 coetus
1190 2821 1395 2852 nocturnos.
1407 2818 1547 2852 —mire
1567 2827 1708 2852 ausser-

963 2864 1188 2907 ordentlich,
1216 2876 1243 2898 0.
1270 2876 1313 2898 zu
1342 2868 1373 2908 1,
1399 2868 1455 2908 45,
1483 2868 1514 2899 2.
