1799 3105
743 512 902 566 ΤΙΤΙ
952 510 1119 565 LIVI

288 621 369 664 AB
403 621 576 664 URBE
611 620 899 664 CONDITA
931 619 1108 661 LIBRI
1139 619 1192 661 Π.
1223 617 1572 661 PERIooHA.

269 815 417 853 Brutus
454 815 540 852 iure
571 815 735 852 iurando
767 813 957 862 populum
995 812 1206 850 adstrinxit
1241 812 1436 850 neminem
1467 813 1614 851 Romae
1646 825 1707 851 re-

151 887 273 924 gnare
311 886 531 923 passurum.
594 872 855 922 Tarquinium
887 870 1128 909 Collatinum
1167 871 1359 920 collegam
1391 884 1506 909 suum
1542 875 1706 921 propter

151 934 397 972 adfinitatem
423 933 724 982 Tarquiniorum
749 932 976 980 suspectum
1003 931 1132 979 coegit
1156 930 1362 967 consulatu
1389 942 1431 968 se
1457 930 1637 968 abdicare
1665 934 1705 970 et

151 994 310 1031 civitate
343 992 490 1030 cedere.
528 992 631 1030 bona
662 1004 801 1040 regum
832 990 951 1038 diripi
980 989 1108 1038 iussit,
1140 1000 1280 1038 agrum
1306 988 1426 1026 Marti
1450 990 1706 1038 consecravit,

150 1053 217 1101 qui
249 1064 408 1100 campus
435 1051 601 1088 Martius
632 1051 856 1088 nominatus
888 1051 958 1086 est.
1003 1049 1273 1086 adulescentes
1300 1047 1464 1097 nobiles,
1495 1048 1536 1086 in
1560 1049 1704 1098 quibus

150 1123 240 1149 suos
272 1123 426 1159 quoque
459 1112 499 1147 et
529 1110 665 1147 fratris
697 1109 814 1157 filios,
848 1108 940 1156 quia
971 1107 1271 1145 coniuraverant
1302 1106 1349 1144 de
1381 1107 1614 1156 recipiendis
1647 1121 1706 1146 re-

148 1170 275 1219 gibus,
309 1169 436 1207 securi
466 1169 674 1217 percussit.
718 1180 830 1206 servo
857 1167 985 1216 indici,
1018 1167 1079 1205 cui
1098 1166 1279 1204 Vindicio
1303 1178 1447 1204 nomen
1470 1166 1557 1214 fuit,
1589 1167 1707 1206 liber-

148 1231 273 1267 tatem
311 1228 436 1276 dedit3
481 1240 527 1265 ex
564 1228 673 1266 cuius
710 1227 866 1264 nomine
902 1226 1075 1264 vindicta
1116 1225 1328 1274 appellata.
1389 1237 1478 1263 cum
1514 1226 1704 1264 adversus

147 1300 275 1337 reges,
308 1288 376 1337 qui
406 1287 616 1325 contractis
642 1286 855 1324 Veientum
888 1287 927 1323 et
947 1284 1293 1334 Tarquiniensium
1325 1284 1445 1333 copiis
1471 1283 1621 1322 bellum
1646 1285 1703 1322 in-

147 1347 335 1394 tulerant,
367 1345 582 1384 exercitum
609 1346 797 1392 duxisset,
829 1344 868 1382 in
894 1344 975 1382 acie
1002 1356 1088 1382 cum
1109 1344 1284 1380 Arrunte
1309 1342 1389 1380 filio
1410 1342 1580 1392 Superbi
1603 1355 1705 1382 com-

147 1408 327 1444 mortuus
360 1408 437 1454 est3
469 1417 635 1453 eumque
666 1406 869 1442 matronae
902 1415 1002 1440 anno
1034 1403 1229 1439 luxerunt.
1276 1401 1318 1440 P.
1352 1401 1534 1440 Valerius
1567 1403 1705 1441 consul

147 1465 277 1513 legem
323 1464 370 1501 de
407 1464 683 1513 provocatione
722 1463 771 1500 ad
809 1462 999 1511 populum
1036 1461 1143 1500 tulit.
1204 1459 1443 1509 Capitolium
1480 1461 1703 1500 dedicatum

147 1526 217 1562 est.
265 1523 478 1570 Porsenna,
511 1521 762 1560 Clusinorum
793 1534 873 1571 rex,
905 1521 1009 1558 bello
1041 1532 1112 1568 pro
1145 1519 1367 1568 Tarquiniis
1401 1522 1582 1569 suscepto
1615 1533 1703 1558 cum

148 1582 197 1620 ad
222 1582 442 1620 Ianiculum
467 1582 658 1629 venisset,
687 1594 735 1618 ne
763 1580 936 1618 Tiberim
961 1579 1168 1626 transiret,
1200 1578 1347 1616 virtute
1374 1577 1534 1617 Coclitis
1560 1578 1703 1617 Horati

147 1641 370 1690 prohibitus
404 1643 482 1688 est,
521 1641 605 1689 qui,
647 1641 740 1678 dum
772 1639 840 1677 alii
870 1641 1032 1688 pontem
1063 1637 1281 1676 Sublicium
1311 1637 1557 1686 rescindunt,
1595 1638 1702 1676 solus

146 1701 334 1739 Etruscos
373 1700 563 1738 sustinuit
600 1701 639 1737 et
676 1701 795 1748 ponte
832 1700 950 1747 rupto
988 1698 1163 1735 armatus
1201 1696 1243 1734 in
1274 1697 1419 1734 flumen
1451 1709 1491 1734 se
1523 1696 1632 1734 misit
1663 1698 1704 1735 et

147 1759 195 1797 ad
233 1771 324 1797 suos
361 1759 596 1797 transnavit.
658 1758 822 1796 accessit
859 1757 1031 1794 alterum
1062 1755 1221 1794 virtutis
1254 1756 1476 1804 exemplum
1507 1767 1530 1793 a
1561 1755 1703 1803 Mucio,

146 1819 212 1867 qui
244 1831 331 1856 cum
363 1818 412 1855 ad
443 1817 664 1855 feriendum
695 1816 939 1855 Porsennam
970 1816 1101 1854 castra
1132 1814 1306 1853 hostium
1336 1814 1542 1863 intrasset,
1575 1814 1702 1854 occiso

147 1877 292 1926 scriba,
348 1889 465 1926 quem
519 1889 655 1926 regem
711 1888 796 1914 esse
853 1875 1166 1921 existimaverat,
1215 1873 1506 1922 conprehensus
1554 1873 1701 1923 inposi-

144 1939 225 1974 tam
269 1948 430 1973 manum
467 1936 678 1982 altaribus,
719 1935 760 1972 in
796 1934 940 1983 quibus
980 1933 1242 1971 sacrificatum
1280 1934 1382 1982 erat,
1420 1932 1531 1970 exuri
1560 1944 1701 1981 passus

145 1998 205 2032 est
238 1995 413 2043 dixitque
444 1995 546 2032 tales
578 1996 776 2032 trecentos
809 2005 906 2031 esse.
948 2005 1115 2041 quorum
1140 1991 1399 2028 admiratione
1425 1993 1581 2029 coactus
1606 1990 1701 2029 Por-

146 2066 267 2091 senna
298 2054 404 2102 pacis
437 2053 680 2091 condiciones
713 2052 815 2090 ferre
847 2051 995 2089 bellum
1026 2051 1160 2089 omisit
1191 2050 1359 2098 acceptis
1390 2049 1602 2087 obsidibus.
1654 2061 1701 2087 ex

144 2112 286 2160 quibus
318 2112 430 2161 virgo
463 2124 542 2149 una
574 2110 724 2149 Cloelia
756 2110 929 2158 deceptis
962 2108 1191 2147 custodibus
1221 2120 1292 2156 per
1319 2107 1496 2145 Tiberim
1527 2107 1576 2145 ad
1608 2119 1699 2146 suos

143 2171 366 2208 transnavit
403 2173 459 2217 et,
500 2183 588 2207 cum
624 2169 781 2207 reddita
818 2171 942 2214 esset,
981 2180 1004 2205 a
1034 2168 1236 2205 Porsenna
1273 2166 1484 2204 honorifice
1522 2167 1699 2215 remissa,

145 2229 318 2278 equestri
357 2231 491 2267 statua
528 2229 672 2266 donata
711 2230 781 2266 est.
843 2227 1032 2265 adversus
1066 2225 1326 2274 Tarquinium
1357 2225 1579 2274 Superbum
1611 2237 1699 2264 011111

143 2288 377 2326 Latinorum
421 2288 594 2325 exercitu
634 2287 783 2325 bellum
821 2285 1055 2323 inferentem
1091 2284 1220 2324 Aulus
1258 2284 1486 2322 Postumius
1530 2283 1700 2322 dictator

143 2359 328 2396 prospere
359 2347 562 2396 pugnavit.
594 2345 686 2394 >Ap.
714 2344 902 2383 Claudius
936 2357 982 2382 ex
1007 2343 1160 2382 Sabinis
1186 2344 1352 2382 Romam
1382 2343 1617 2392 transfugit:
1649 2344 1698 2382 ob

143 2406 216 2444 hoc
249 2405 414 2443 Claudia
450 2406 578 2444 tribus
611 2404 763 2442 adiecta
795 2405 835 2442 et
865 2415 1051 2441 numerus
1083 2403 1259 2441 tribuum
1291 2402 1504 2451 ampliatus
1537 2403 1614 2448 est,
1652 2404 1698 2439 ut

143 2466 276 2502 essent
312 2465 454 2514 vig-inti
490 2477 578 2502 una.
639 2463 752 2512 plebs
791 2475 878 2501 cum
915 2464 1077 2511 propter
1113 2473 1233 2500 nexos
1272 2461 1320 2499 ob
1347 2473 1421 2499 aes
1453 2460 1626 2498 alienum
1656 2459 1698 2497 in

144 2523 305 2561 Sacrum
341 2526 515 2561 montem
553 2523 798 2569 secessisset,
837 2521 997 2560 consilio
1030 2521 1186 2559 Meneni
1217 2519 1419 2569 Agrippae
1450 2531 1474 2556 a
1505 2518 1696 2556 seditione

142 2585 327 2620 revocata
359 2585 430 2620 est.
486 2582 590 2619 idem
623 2581 801 2630 Agrippa
833 2593 920 2618 cum
951 2579 1196 2626 decessisset,
1226 2581 1388 2627 propter
1417 2578 1696 2626 paupertatem

142 2641 298 2688 publico
335 2641 518 2689 inpendio
559 2641 686 2679 elatus
732 2642 803 2677 est.
864 2639 1014 2677 tribuni
1051 2637 1178 2687 plebis
1216 2637 1387 2686 quinque
1424 2635 1545 2674 creati
1591 2639 1696 2675 sunt.

143 2699 328 2747 oppidum
354 2699 592 2738 Vulscorum
617 2697 763 2737 Corioli
794 2699 953 2746 captum
984 2699 1045 2735 est
1076 2697 1224 2734 virtute
1256 2697 1296 2732 et
1328 2706 1446 2743 opera
1473 2692 1541 2732 Cn.
1561 2693 1695 2744 Marci,

143 2757 208 2805 qui
240 2758 288 2795 ob
320 2758 391 2795 hoc
418 2757 648 2797 Coriolanus
680 2759 842 2795 vocatus
876 2758 946 2794 est.
993 2756 1036 2792 T.
1056 2755 1248 2799 Latinius,
1279 2753 1340 2791 vir
1371 2753 1417 2790 de
1448 2753 1574 2801 plebe,
1607 2764 1695 2791 cum

142 2815 183 2852 in
214 2815 301 2852 visu
332 2816 567 2864 admonitus,
602 2818 645 2853 ut
678 2816 726 2853 de
759 2815 994 2863 quibusdam
1024 2812 1282 2862 religionibus
1315 2811 1365 2849 ad
1396 2814 1578 2849 senatum
1608 2823 1696 2860 per-
