1799 3105
620 53 766 89 LIBER
790 54 834 90 Π.
886 53 988 90 CAP.
1016 58 1073 89 50.
1546 54 1630 96 113

55 73 84 92 a.
105 65 171 92 chr.
189 66 252 91 478.

61 168 156 218 agri,
189 171 227 205 et
260 165 435 204 subsidia
467 170 708 204 armatorum
734 165 781 204 ad
807 165 996 204 arcendas
1023 164 1298 215 populationes
1324 166 1443 203 missa
1470 167 1629 216 saepius

60 225 242 264 simulato
282 237 399 276 quam
437 236 530 262 vero
567 236 712 275 pavore
750 224 994 275 refugerunt.
1057 225 1212 275 iamque
1252 222 1363 263 Fabii
1400 224 1496 262 adeo
1539 237 1628 262 con-
1657 232 1676 263 5

59 289 301 335 tempserant
333 283 500 335 hostem,
532 288 577 322 ut
609 295 678 322 sua
711 284 856 322 invicta
889 295 994 321 arina
1027 295 1155 334 neque
1183 283 1268 321 loco
1296 295 1423 334 neque
1442 288 1628 334 ‚tempore

58 342 138 382 ullo
172 342 381 381 crederent
414 343 604 381 sustineri
635 355 762 393 posse.
802 342 896 381 haec
931 354 1021 392 spes
1048 344 1239 393 provexit,
1271 348 1315 381 nt
1343 342 1390 380 ad
1417 348 1629 393 conspecta

58 402 199 453 procul
231 414 250 440 a
285 401 469 440 Cremera
500 413 641 452 magno
674 402 802 451 campi
833 400 1038 439 intervallo
1071 413 1232 452 pecora,
1272 414 1510 452 quamquam
1543 414 1630 440 rara

58 461 235 500 hostium
261 460 500 512 apparebant
526 472 644 512 arma,
672 460 941 498 decurrerent.
976 466 1013 498 et
1035 473 1125 498 cum
1146 460 1343 511 inprovidi
1363 461 1486 499 effuso
1508 473 1628 499 cursu
1656 469 1676 500 6

59 520 222 558 insidias
255 521 360 558 circa
392 521 523 570 ipsum
549 520 625 557 iter
652 518 797 557 locatas
825 525 1091 570 superassent,
1124 519 1322 571 palatique
1350 521 1496 570 passim
1523 532 1629 571 vaga,

60 584 104 618 ut
142 579 185 617 fit
222 590 365 629 pavore
403 579 565 629 iniect0,
604 583 789 628 raperent
827 589 988 629 pecora,
1029 577 1160 616 subito
1200 591 1246 616 ex
1280 579 1434 617 insidiis
1467 591 1629 617 consur-

58 639 184 688 gitur,
225 643 264 675 et
302 637 456 675 adversi
496 642 531 675 et
567 637 740 687 undique
774 637 908 675 hostes
942 642 1064 675 erant.
1123 639 1250 687 primo
1285 638 1431 676 clamor
1464 639 1630 677 circum·
1659 647 1677 677 7

59 696 162 734 latus
194 697 405 747 exterruit,
439 695 529 734 dein
562 695 638 734 tola
670 695 717 734 ab
751 697 857 734 omni
889 701 999 746 parte
1033 696 1281 748 accidebant,
1315 697 1630 748 coeuntibusque

57 754 240 794 Etruscis
278 756 355 793 iam
393 756 614 793 continenti
654 756 807 805 agmine
847 760 1089 793 armatorum
1127 757 1270 806 saepti,
1309 768 1386 807 quo
1426 758 1549 806 magis
1589 769 1630 794 se

59 814 186 852 hostis
218 813 423 866 inserebat,
457 814 699 864 cogebantur
728 814 908 852 breviore
937 815 1062 865 spatio
1090 820 1127 853 et
1154 815 1231 865 ipsi
1258 814 1393 853 orbem
1421 815 1631 867 conligere,

58 885 159 924 quae
187 885 250 911 res
278 879 316 911 et
342 874 581 924 paucitatem
608 885 746 911 eorum
772 874 967 923 insignem
994 879 1029 911 et
1052 873 1348 912 multitudinem
1369 873 1631 913 Etruscorum
1658 883 1678 914 8

59 932 331 983 multiplicatis
364 934 404 970 in
437 938 521 970 arto
555 932 760 971 ordinibus
794 932 970 971 faciebat.
1031 938 1128 984 tum,
1162 934 1307 971 omissa
1338 945 1480 984 pugna,
1515 946 1631 984 quam
1658 943 1677 973 9

58 992 101 1030 in
133 1004 269 1030 omnes
301 992 426 1042 partis
458 1003 594 1042 parem
626 992 895 1043 intenderant,
938 993 978 1030 in
1010 1004 1135 1030 unum
1167 992 1298 1031 locum
1331 1004 1372 1030 se
1406 1005 1542 1031 omnes
1574 994 1631 1031 in-

60 1050 219 1089 clinant.
263 1062 308 1088 eo
342 1051 418 1088 nisi
451 1050 686 1101 corporibus
720 1052 917 1102 armisque
952 1063 1095 1102 rupere
1123 1063 1250 1090 cuneo
1276 1052 1388 1090 viam.
1434 1051 1543 1090 duxit
1572 1053 1631 1090 via

59 1175 205 1211 verbial
237 1175 467 1221 gebrauchte
500 1175 672 1221 Adjectiv
711 1175 811 1211 beim

58 1222 227 1268 Particip
251 1235 277 1258 6.
304 1235 349 1258 211
377 1227 407 1267 1,
433 1227 489 1266 34,
516 1227 548 1258 2.

108 1273 141 1306 5.
153 1273 451 1315 contempserant,
459 1269 524 1305 das
531 1270 657 1314 Plusq.
668 1269 811 1305 66116111-

62 1318 131 1353 1161
157 1334 201 1346 =
227 1317 322 1353 Perf.
351 1318 439 1352 oder
463 1317 630 1362 Imperf.,
666 1317 812 1352 ‘hatten

61 1365 176 1400 fifters
220 1365 413 1400 verachtet
456 1365 531 1399 und
569 1364 811 1400 verachteten

59 1412 416 1457 auchjetzt'‚1'ibers.
429 1427 437 1447 ι
456 1412 601 1447 ‘hatten
611 1412 812 1447 verachten

64 1459 238 1504 gelernt'.
289 1459 436 1494 Ebenso
463 1459 536 1494 Cic.
564 1459 641 1494 Mil.
669 1463 726 1502 27,
755 1463 809 1494 74.

61 1505 163 1542 Caes.
189 1506 224 1541 b.
251 1518 286 1551 g.
315 1511 352 1549 2,
382 1511 398 1541 1
428 1517 537 1551 quam
570 1507 715 1541 tertiam
741 1517 812 1541 esse

60 1553 206 1588 Galliae
224 1557 370 1598 partem
397 1555 617 1590 (limeramus.
657 1554 692 1589 S.
714 1566 759 1588 zu
781 1566 809 1588 c.

62 1604 118 1643 18,
146 1606 178 1636 9.
205 1622 249 1626 —
276 1602 431 1645 invicta,
465 1613 491 1636 6.
518 1613 564 1635 zu
590 1613 619 1637 c.
649 1606 679 1645 1,
706 1605 738 1636 4.
768 1622 810 1626 —

57 1648 240 1692 provexit,
268 1660 316 1683 sc.
337 1659 405 1691 eos,
424 1649 614 1692 provehere
634 1648 729 1693 (hier
748 1649 811 1683 ab·

61 1695 162 1730 solut
173 1695 243 1730 wie
258 1699 315 1738 40,
327 1699 381 1738 14,
391 1699 410 1729 2
425 1696 562 1740 qaudio
571 1696 811 1740 provehente),

60 1754 106 1776 zu
137 1742 227 1776 weit
256 1741 391 1776 fiihren
419 1759 463 1771 =
489 1742 687 1785 verleiten,
722 1743 812 1777 fort-

62 1788 213 1823 reissen.
264 1793 326 1832 35,
365 1792 429 1833 48,
469 1794 509 1823 11
542 1793 731 1834 provectus
764 1793 814 1824 est

61 1836 163 1879 (11666
187 1836 266 1870 61611
289 1836 518 1881 fortreissen)
541 1837 590 1871 ad
609 1837 812 1871 maledicta.

63 1883 162 1919 Curt.
190 1887 230 1926 8,
257 1887 314 1927 22,
341 1888 385 1918 14
411 1884 640 1927 epulantium
666 1885 814 1919 comitas

59 1931 228 1975 proveoeit
265 1941 384 1965 omnes
422 1931 470 1966 ad
508 1932 649 1976 laryius
688 1932 813 1965 vinum

62 1977 175 2022 (auch
191 1976 290 2022 Cic.).
307 1999 350 2003 —
364 1989 466 2020 rara,
487 1978 641 2021 einzeln,
661 1978 722 2013 hie
737 1978 813 2013 und.

62 2024 110 2059 da
130 2041 174 2053 =
194 2036 292 2069 raro,
318 2024 389 2060 wie
415 2025 527 2060 oster:
554 2029 610 2069 24,
639 2029 671 2070 2,
695 2029 726 2060 9.
755 2030 811 2070 23,

62 2075 120 2115 27,
147 2076 178 2108 6.
206 2076 262 2116 33,
289 2075 323 2115 5,
351 2076 381 2107 7.

111 2123 142 2153 6.
177 2119 391 2164 improvidi,
427 2120 520 2155 ohne
547 2132 591 2154 zu
616 2120 810 2164 beachten,

62 2166 136 2211 vgl.
160 2170 216 2210 21,
243 2170 299 2209 55,
327 2170 347 2201 9
374 2167 531 2202 latebras
552 2195 559 2202 .
576 2195 583 2202 .
604 2168 812 2212 improvida

60 2214 284 2257 praeterlata
310 2215 404 2249 acies
429 2218 488 2249 est.
516 2235 561 2240 —
580 2215 723 2259 passim
749 2226 811 2260 ge·

63 2261 149 2294 11611
173 2272 219 2294 211
234 2261 366 2304 palati.
383 2281 426 2286 —
441 2265 482 2295 ut
500 2262 542 2304 fit
562 2264 631 2296 etc.
658 2262 810 2305 erkliirt,

63 2307 228 2342 weshalb
249 2307 301 2342 sie
320 2319 415 2352 vaqa
434 2319 569 2343 waren.
592 2329 635 2333 —
656 2310 809 2353 adversi,

63 2364 130 2388 vor
164 2354 293 2397 ihnen,
326 2353 439 2389 ihnen
471 2356 701 2400 gegeniiber‚
734 2356 810 2401 vgl.

63 2404 126 2444 22,
164 2406 201 2444 6,
235 2404 256 2435 8
286 2412 354 2445 per
386 2403 552 2437 adversos
585 2403 708 2438 hostes.
755 2407 811 2447 31,

63 2452 120 2491 39,
149 2452 203 2483 15.

113 2499 144 2530 7.
165 2499 198 2530 8.
218 2496 535 2538 clamorcircuml.,
550 2496 616 2530 das
625 2496 812 2540 Geschrei,

64 2541 130 2576 das
150 2542 241 2586 sich,
261 2553 334 2577 von
355 2543 474 2577 einem
491 2542 637 2578 Punkte
658 2543 737 2577 sich
758 2554 812 2578 61·-

63 2589 221 2633 hebend,
241 2590 408 2635 ringsum
426 2590 662 2634 verbreitete,
682 2590 757 2636 vgl.
780 2595 811 2635 7,

65 2640 126 2680 36,
174 2640 216 2671 13
261 2638 395 2672 elamor
433 2638 532 2672 circa
570 2638 691 2672 collem
729 2649 811 2682 per-

64 2683 192 2725 fertur.
245 2684 355 2719 Sonst
380 2686 465 2729 sagt
488 2685 527 2719 L.
555 2684 593 2718 in
619 2684 813 2720 {ihnlicher

67 2729 252 2766 Situation
272 2732 407 2766 clamor
432 2733 676 2767 circumsonat
702 2736 734 2774 3,
755 2736 812 2775 28,

67 2780 99 2811 3.
139 2781 200 2822 27,
234 2781 295 2822 18,
329 2782 371 2813 16
404 2779 489 2814 inde
515 2780 637 2823 primo
662 2779 812 2814 turbata

66 2824 161 2858 acies
191 2828 258 2869 est,
290 2826 376 2861 dnm
409 2826 458 2861 ad
490 2827 812 2862 circumsonantem

139 2888 245 2915 Livius
265 2891 298 2916 B.
319 2892 342 2916 2.

883 1177 1046 1221 uouliqne
1071 1177 1259 1212 clamorem
1284 1178 1420 1221 flectere
1446 1187 1632 1212 cornua..

883 1224 1020 1259 volunt.
1045 1244 1090 1248 —
1117 1225 1303 1267 ercterruit,
1330 1224 1458 1268 absoL,
1485 1224 1555 1259 wie
1575 1228 1632 1269 37,

885 1275 941 1315 24,
969 1275 1000 1307 3.
1030 1291 1073 1295 —
1099 1282 1168 1316 quo
1193 1272 1321 1317 mayis,
1347 1271 1438 1306 fiber
1463 1271 1529 1306 das
1555 1271 1632 1307 feh-

883 1318 993 1353 lende
1020 1329 1057 1353 60
1083 1318 1135 1352 101
1160 1318 1391 1364 Hauptsatze
1411 1331 1438 1355 6.
1459 1331 1504 1353 211
1524 1330 1553 1354 c.
1578 1323 1632 1363 19,

888 1369 940 1400 10.
958 1386 1002 1391 —-
1017 1366 1134 1400 orbem
1154 1367 1259 1409 conl„
1278 1366 1525 1412 Brachylogie
1539 1383 1584 1396 =
1598 1377 1634 1402 se

885 1414 927 1447 in
946 1424 1062 1447 unum
1083 1414 1286 1458 colliyentes
1300 1414 1375 1449 orb.
1389 1414 1535 1457 faciunt
1558 1413 1634 1448 ‘ein

886 1459 1028 1503 Quarre
1067 1461 1191 1505 (einen
1227 1461 1386 1504 Kn'auel)
1425 1460 1632 1496 formiren'.

886 1507 997 1543 Sonst
1011 1509 1096 1553 sagt
1109 1508 1150 1544 L.
1165 1519 1258 1553 ganz
1271 1508 1422 1543 ahnlich
1435 1509 1553 1544 orbem
1562 1509 1633 1543 vol-

883 1566 962 1590 vere
979 1572 1023 1584 =
1036 1556 1209 1590 volvendo
1230 1556 1367 1599 efficere
1387 1559 1420 1598 4,
1441 1559 1497 1601 28,
1520 1560 1551 1591 3.
1576 1560 1632 1599 22,

885 1606 941 1646 29,
958 1606 989 1637 5.
1012 1603 1106 1637 coire
1118 1603 1161 1637 in
1175 1603 1293 1638 orbem
1307 1607 1363 1647 23,
1379 1607 1435 1646 27,
1451 1607 1483 1638 6.
1504 1604 1634 1638 milites

885 1651 927 1683 in
946 1650 1065 1684 orbem
1085 1660 1206 1694 coyere
1231 1654 1288 1693 42,
1310 1654 1366 1692 65,
1389 1654 1420 1685 7.
1452 1651 1494 1684 in
1514 1662 1544 1685 o.
1560 1662 1633 1694 pu-

884 1708 998 1741 ynare
1017 1701 1075 1740 21,
1096 1700 1152 1741 56,
1172 1701 1204 1732 2.
1226 1700 1283 1740 28,
1304 1701 1359 1740 22,
1382 1702 1437 1732 15.
1463 1708 1498 1732 se
1518 1699 1635 1732 tutari

887 1748 925 1786 4,
953 1747 1014 1787 39,
1041 1748 1074 1778 4.
1124 1755 1160 1779 se
1185 1744 1371 1787 defendere
1397 1748 1459 1788 28,
1492 1749 1554 1789 33,
1589 1749 1632 1779 15

888 1791 1050 1831 (Caesarz
1086 1792 1125 1825 in
1156 1792 1274 1826 orbem
1306 1793 1513 1834 consistere,
1551 1793 1634 1827 orbe

885 1839 984 1881 facto
1003 1849 1038 1872 se
1058 1838 1271 1883 defendere).
1286 1859 1330 1863 —
1344 1839 1535 1883 insiynem,
1555 1840 1633 1874 auf-

885 1885 1026 1920 fallend
1041 1885 1209 1930 gestellt;
1231 1886 1279 1920 da
1293 1897 1331 1920 66
1349 1898 1391 1920 211
1400 1887 1542 1930 paucit.
1557 1887 1633 1921 und

883 1933 1070 1967 multitud.
1111 1933 1264 1978 8611011,
1311 1933 1420 1968 sollte
1465 1945 1551 1968 man
1594 1945 1632 1969 es

886 1990 953 2014 vor
989 1980 1147 2023 faciebat
1182 1982 1372 2015 6111611611.
1402 2001 1445 2005 —-
1476 1982 1632 2025 multipl.

884 2027 1016 2069 ordin,
1035 2039 1143 2062 wenn
1157 2027 1216 2062 die
1229 2027 1364 2072 Menge
1379 2027 1443 2063 der
1455 2028 1635 2063 Etrusker

884 2074 945 2109 die
970 2075 1121 2116 Fabier,
1152 2075 1294 2109 welche
1327 2075 1405 2110 sich
1438 2088 1481 2110 zu
1513 2075 1632 2111 einem

885 2121 1034 2156 kleinen
1069 2121 1217 2157 Haufen
1254 2133 1633 2168 zusammengezogen

884 2169 1019 2213 haben,
1044 2169 1083 2203 in
1108 2169 1241 2204 immer
1268 2181 1418 2215 engerm
1439 2170 1632 2205 Umkreise

885 2216 1066 2260 umringt,
1098 2216 1233 2251 nimmt
1259 2216 1311 2251 sie
1338 2216 1445 2252 einen
1470 2217 1632 2253 161111111-

884 2263 1104 2308 1116611166618
1128 2264 1327 2308 geringern
1346 2264 1466 2298 Raum
1493 2264 1552 2299 ein
1577 2266 1634 2306 (in

885 2313 982 2353 arto)
1018 2311 1093 2345 und
1127 2311 1187 2345 die
1212 2310 1354 2346 Reihen
1380 2311 1528 2346 konnen
1555 2312 1633 2346 sich

886 2357 990 2392 nicht
1009 2357 1047 2391 in
1068 2357 1126 2392 die
1146 2358 1274 2403 Liinge
1295 2357 1529 2403 entwickeln,
1550 2370 1630 2393 son—

886 2404 975 2439 dern
1015 2408 1165 2439 mfissen
1200 2405 1295 2439 nach
1327 2405 1392 2439 der
1418 2405 1522 2440 Tiefe
1555 2406 1634 2440 sich

885 2451 1113 2493 verstiirken,
1134 2451 1168 2486 d.
1183 2451 1218 2486 h.
1239 2451 1291 2486 sie
1311 2452 1441 2487 61611611
1453 2452 1492 2487 in
1511 2452 1634 2487 vielen

887 2497 1063 2532 Gliedern
1077 2498 1181 2533 dicht
1193 2498 1317 2533 hinter
1331 2499 1519 2534 einander.
1546 2499 1631 2544 Vgl.

886 2548 942 2588 30,
969 2548 1025 2589 34,
1052 2547 1072 2578 8
1100 2545 1260 2580 densatis
1285 2546 1486 2581 ordinibus.
1539 2550 1572 2589 8,
1599 2550 1634 2590 8,

888 2595 929 2625 12
945 2592 1154 2635 compressis
1168 2592 1370 2627 ordinibus.
1399 2592 1485 2628 S.zu
1495 2604 1523 2627 c.
1534 2597 1633 2637 31,2.

934 2643 965 2673 9.
987 2642 1042 2673 10.
1066 2650 1193 2682 parem
1206 2639 1356 2681 intend„
1370 2651 1535 2684 paynam
1552 2641 1632 2684 int,

887 2685 956 2720 wie
969 2685 1095 2720 bellum
1105 2686 1298 2721 intendere.
1315 2690 1370 2729 21,
1382 2691 1413 2730 6,
1423 2691 1454 2722 6.
1465 2691 1588 2732 28,41,
1599 2692 1632 2723 8.

879 2743 1007 2777 parem
1021 2732 1091 2768 wie
1107 2732 1165 2767 ein
1179 2733 1269 2767 Adv.
1287 2733 1504 2779 gebraucht,
1520 2735 1632 2769 ‘nach

886 2779 984 2814 allen
999 2779 1124 2815 Seiten
1143 2780 1266 2824 gleich
1289 2782 1542 2827 angestrengt,
1562 2783 1633 2816 mit

885 2827 1049 2872 gleicher
1068 2827 1178 2862 Kraft
1196 2827 1402 2872 kiimpfen‘.
1424 2849 1467 2854 —
1488 2839 1526 2864 60
1545 2829 1633 2871 nisi,

1325 2890 1345 2921 8
