1799 3105
171 144 225 185 48
725 141 869 176 mssa
894 141 954 176 iv.
999 141 1102 176 oAP.
1129 145 1184 178 26.

1552 164 1578 183 a.
1589 164 1617 183 u.
1628 164 1653 183 c.
1667 158 1729 184 323.

117 265 139 294 5
168 255 254 291 tem
287 264 387 291 cura
421 250 602 291 ducibus
645 252 749 291 erat.
812 265 860 292 eo
909 251 1006 305 plus
1048 250 1190 292 nuntii
1230 251 1405 293 terroris
1447 251 1630 294 Romam
1662 255 1725 295 at-

166 309 313 350 tulere.
376 309 542 350 senatui
576 308 830 351 dictatorem
865 309 948 350 dici
985 309 1168 364 placuit,
1207 310 1307 365 quia
1345 311 1426 352 etsi
1459 325 1585 366 saepe
1623 311 1727 354 victi

168 368 312 423 populi
348 369 510 409 maiore
543 370 689 409 tamen
722 371 878 410 conatu
911 383 1040 423 quam
1072 369 1180 410 alias
1214 383 1415 424 umquam
1447 370 1726 426 rebellarant3

167 431 209 468 et
241 427 511 481 aliquantum
544 426 764 468 Romanae
797 427 1035 469 iuventutis
1068 428 1218 470 morbo
1252 428 1531 484 absumptum
1563 431 1667 472 erat.

115 500 138 530 ,6
284 486 397 527 Ante
431 485 575 527 omnia
606 487 795 540 pravitas
830 487 1052 528 consulum
1080 486 1376 542 discordiaque
1401 488 1515 530 inter
1540 487 1657 543 ipsos
1684 491 1727 530 et

165 544 403 586 certamina
434 545 477 586 in
511 545 701 587 consiliis
735 546 934 588 omnibus
961 545 1191 587 terrebant.
1248 549 1359 601 sunt,
1392 547 1463 602 qui
1501 547 1612 589 male
1649 562 1725 602 pu·

166 607 346 658 gnatum
380 604 433 645 ab
466 604 535 645 his
569 604 817 646 consulibus
862 606 906 647 in
938 604 1098 660 Algido
1145 608 1340 647 auctores
1395 605 1502 660 sint,
1549 620 1727 661 eamque

118 677 136 706 7
165 677 337 704 causam
371 663 593 705 dictatoris
627 664 797 706 creandi
828 663 970 706 fuisse.
1035 664 1143 705 illud
1176 665 1280 706 satis
1317 668 1506 720 constat,
1545 665 1597 707 ad
1642 665 1724 707 alia

164 721 380 763 discordes
414 722 457 763 in
489 737 574 764 uno
609 723 811 765 adversus
845 726 1020 778 patrum
1046 723 1316 766 voluntatem
1350 724 1637 780 consensisse,
1673 739 1726 766 ne

164 781 356 823 dicerent
383 781 655 836 dictatorem,
689 782 837 836 donec,
865 797 960 824 cum
987 782 1073 823 alia
1100 783 1196 824 aliis
1222 783 1484 825 terribiliora
1511 783 1725 826 adferren-

115 854 135 885 8
163 844 234 882 tur
264 855 341 881 nec
378 841 421 882 in
468 841 725 883 auctoritate
771 845 944 883 senatus
991 841 1187 884 consules
1233 844 1392 898 essent,
1438 842 1484 892 Q.
1519 841 1726 885 Servilius

163 898 332 941 Priscus
378 901 556 942 summis
601 900 838 942 honoribus
878 900 1051 957 egregie
1091 915 1193 942 usus
1222 899 1326 942 ‘vos'
1359 901 1517 957 inquit,
1543 901 1727 944 ‘tribuni

163 957 320 1013 plebis,
354 959 556 1013 quoniam
590 960 640 1000 ad
676 963 867 1001 extrema
899 964 1075 1001 ventum
1110 964 1192 1015 est,
1225 963 1398 1002 senatus
1432 961 1641 1016 appellat,
1678 964 1727 1003 ut

163 1018 206 1059 in
238 1021 359 1059 tanto
393 1018 638 1060 discrimine
669 1019 731 1060 rei
758 1019 953 1073 publicae
982 1019 1235 1061 dictatorem
1262 1019 1400 1061 dicere
1426 1019 1621 1062 consules
1647 1034 1725 1075 pro

114 1091 134 1121 9
163 1079 380 1131 potestate
413 1080 556 1119 vestra
589 1076 780 1132 cogatis'.
825 1093 908 1133 qua
935 1093 1036 1120 voce
1064 1078 1213 1120 audita
1239 1078 1509 1120 occasionem
1535 1079 1725 1121 oblatam

162 1135 247 1176 rati
279 1136 442 1177 tribuni
475 1137 695 1193 augendae
728 1138 960 1192 potestatis
995 1137 1199 1179 secedunt
1224 1152 1387 1193 proque
1414 1137 1602 1193 collegio
1628 1152 1726 1194 pro-

162 1195 365 1237 nuntiant
397 1196 566 1250 placere
600 1197 796 1239 consules
830 1197 1000 1239 senatui
1033 1196 1147 1238 dicto
1182 1196 1404 1239 audientes
1439 1211 1550 1253 esse3
1582 1197 1620 1239 si
1654 1197 1728 1239 ad-

162 1268 309 1296 versus
343 1269 597 1296 consensum
631 1256 889 1311 amplissimi
922 1256 1083 1298 ordinis
1115 1256 1230 1298 ultra
1256 1256 1453 1312 tendant,
1484 1256 1530 1298 in
1555 1256 1727 1298 vincula

90 1327 134 1358 10
163 1328 206 1354 se
240 1313 335 1355 duci
369 1329 440 1355 eos
474 1315 679 1357 iussuros.
742 1316 938 1357 consules
978 1315 1031 1356 ab
1069 1315 1256 1357 tribunis
1302 1330 1429 1371 quam
1474 1316 1527 1357 ab
1572 1318 1727 1358 senatu

162 1372 274 1414 vinci
307 1373 567 1429 maluerunt,
601 1374 821 1429 proditum
854 1389 879 1416 a
910 1374 1106 1430 patribus
1141 1374 1298 1416 summi
1336 1375 1505 1430 imperii
1545 1374 1613 1417 ius
1652 1374 1724 1417 da-

162 1435 339 1486 tumque
373 1432 450 1473 sub
484 1433 635 1487 iugum
667 1433 922 1475 tribuniciae
952 1433 1161 1488 potestati
1189 1433 1462 1475 consulatum
1489 1448 1727 1476 memoran-

161 1493 246 1545 tes,
279 1491 315 1532 si
349 1491 521 1546 quidem
555 1492 651 1547 cogi
685 1492 849 1553 aliq-uid
882 1507 959 1547 pro
992 1495 1210 1546 potestate
1245 1492 1297 1534 ab
1325 1493 1500 1534 tribuno
1528 1493 1725 1535 consules

162 1552 204 1591 et
237 1574 279 1578 —
314 1564 397 1604 quo
432 1551 533 1605 quid
566 1551 746 1593 ulterius
781 1551 951 1605 privato
985 1552 1224 1592 timendum
1255 1551 1394 1594 foret?
1426 1576 1482 1582 —-
1513 1552 1558 1593 in
1584 1552 1726 1594 vincla

162 1608 291 1650 etiam
327 1609 423 1650 duci
455 1613 641 1664 possent.

92 1682 133 1713 11
284 1666 404 1723 Sors,
435 1671 484 1709 ut
514 1668 773 1711 dictatorem
805 1669 982 1724 diceret,
1013 1684 1114 1710 nam
1146 1684 1198 1711 ne
1225 1669 1268 1710 id
1301 1669 1474 1724 quidem
1500 1669 1614 1711 inter
1639 1670 1724 1712 col-

160 1727 280 1781 legas
321 1732 596 1783 convenerat,
636 1728 683 1771 T.
716 1728 917 1778 Quinctio
958 1729 1111 1771 evenit.
1173 1729 1210 1770 is
1242 1727 1295 1770 A.
1327 1728 1599 1770 Postumium
1639 1728 1724 1771 Tu-

161 1786 348 1841 bertum,
381 1801 575 1829 socerum
608 1802 749 1842 suum,
783 1788 1045 1830 severissimi
1075 1788 1247 1843 imperii
1277 1787 1436 1843 virum,
1468 1787 1722 1830 dictatorem

979 1879 1148 1914 Konsuln
1199 1880 1315 1914 durch
1365 1879 1472 1915 ihren
1514 1879 1724 1925 Einspruch

208 1882 239 1914 6.
261 1879 445 1924 pravitas]
465 1879 749 1924 Verkehrtheit‚
771 1879 904 1925 Eigen-

979 1927 1153 1971 hindei-n,
1181 1927 1238 1962 bis
1265 1927 1317 1962 sie
1345 1927 1429 1963 dem
1449 1927 1638 1962 Wunsche
1659 1927 1724 1963 des

161 1925 253 1961 sinn.

207 1974 302 2008 inter
333 1973 444 2019 ipsos]
479 1974 818 2010 nachdrficklicher
851 1975 904 2010 als

157 2031 298 2064 eorum,
324 2021 419 2055 inter
443 2032 509 2055 eos.

206 2072 370 2103 auctores
406 2069 494 2113 sint]
535 2068 604 2103 mit
641 2070 726 2104 Ace.
762 2080 790 2104 c.
823 2069 903 2112 Ins„

159 2113 386 2157 τ116116111611,
413 2115 661 2150 fiberliefern'.

207 2166 238 2196 7,
266 2162 305 2195 in
325 2162 412 2207 uno]
436 2162 575 2197 erklart
595 2163 710 2198 durch
731 2164 802 2198 den
821 2163 904 2198 Satz

158 2219 202 2243 ne
221 2209 379 2243 dicerent
399 2210 609 2244 dictatorem
635 2211 726 2255 (vgl.
746 2222 788 2244 zu
809 2210 902 2256 Kap.

160 2259 219 2299 21,
259 2260 333 2300 10),
377 2255 428 2289 sie
463 2256 664 2301 weigerten
700 2257 795 2300 sich,
833 2258 904 2293 den

159 2302 477 2338 Senatsbeschluss
512 2307 543 2346 (ξ
581 2306 614 2348 5)
648 2304 903 2340 auszuffihren.

205 2351 282 2385 alia
313 2351 399 2385 aliis
430 2352 667 2398 terribiliora]
702 2351 783 2386 eine
816 2352 903 2386 Bot-

159 2397 282 2433 schaft
301 2397 578 2432 schrecklicher
599 2398 653 2433 als
675 2398 734 2434 die
755 2399 904 2434 andere.

159 2445 208 2479 Es
252 2444 393 2479 konnte
432 2445 527 2479 auch
564 2445 701 2480 heissen
739 2457 781 2482 em
818 2447 903 2481 aliis

160 2491 245 2536 (wie
273 2492 365 2537 Καρ.
394 2496 424 2535 2,
453 2494 500 2537 9).

205 2540 246 2573 in
265 2541 480 2575 auctoritate
501 2566 508 2573 .
525 2568 530 2574 .
548 2568 554 2575 .
576 2541 703 2586 essent]
721 2540 799 2576 sich
820 2541 903 2576 dem

158 2586 348 2628 Anseheu,
385 2586 526 2621 Willen
555 2614 562 2622 .
590 2615 597 2621 .
623 2615 630 2622 .
661 2591 902 2633 unterzogen:

159 2637 189 2676 2,
217 2637 272 2676 56,
301 2637 356 2668 16.
383 2637 414 2676 3,
443 2638 496 2677 21,
525 2639 555 2668 1.
582 2634 672 2680 Kap.
701 2639 756 2677 56,
785 2640 839 2672 10.

208 2681 247 2726 Q.
268 2680 458 2726 Servilius]
480 2681 530 2715 Er
550 2693 624 2715 war
645 2686 712 2717 459
734 2682 903 2726 Quastor,

159 2731 226 2762 435
247 2727 420 2762 Diktator
446 2728 535 2773 (vgl.
557 2733 588 2772 3,
604 2732 659 2773 24,
681 2734 762 2773 334,
779 2734 833 2773 21,
847 2733 900 2774 9);

160 2774 224 2808 das
241 2774 424 2809 Konsulat
437 2775 542 2810 hatte
563 2788 600 2811 er
620 2776 680 2811 nie
697 2776 900 2812 bekleidet.

206 2824 237 2855 8.
264 2823 418 2867 tribuni]
446 2822 529 2867 Vgl.
556 2834 598 2856 zu
624 2823 717 2869 Kap.
736 2829 764 2867 1,
781 2828 812 2859 6.

200 2878 270 2912 pro
287 2873 460 2912 potestate
478 2870 610 2915 vestra]
628 2870 696 2905 Die
712 2870 901 2905 Tribunen

158 2913 324 2949 konntcn
359 2915 417 2949 die
449 2916 797 2962 Amtshandlungen
836 2918 902 2952 der

981 1975 1134 2010 Senates
1161 1974 1402 2018 gehorchten.

1027 2027 1058 2057 9.
1085 2023 1264 2068 secedunt]
1306 2021 1366 2057 Sie
1404 2023 1525 2057 treten
1561 2021 1625 2065 ab,
1661 2021 1723 2056 be-

978 2071 1083 2104 raten
1115 2069 1175 2104 die
1208 2069 1325 2103 Sache
1357 2069 1432 2102 und
1465 2068 1613 2113 einigen
1644 2068 1721 2104 sich

977 2116 1070 2151 iiber
1101 2116 1209 2150 einen
1244 2114 1446 2157 Besehluss,
1480 2115 1552 2150 den
1588 2115 1640 2150 sie
1671 2115 1724 2150 im

976 2162 1121 2197 Namen
1148 2166 1242 2208 (pro)
1269 2162 1369 2197 ihi-es
1390 2162 1622 2208 Kollegiums
1641 2173 1722 2197 ver-

977 2210 1137 2245 kfinden.

1026 2262 1080 2293 10.
1100 2258 1241 2303 iugum]
1263 2257 1319 2292 oft
1332 2268 1405 2292 von
1426 2257 1724 2293 schmachvoller

976 2304 1275 2350 Unterordnung.

1024 2353 1056 2387 si
1081 2353 1227 2396 quidem.
1255 2351 1362 2397 giebt
1394 2351 1495 2387 einer
1526 2354 1721 2397 zugestan-

978 2400 1098 2434 denen
1124 2399 1374 2444 Behauptung
1399 2398 1459 2433 die
1487 2399 1594 2433 Form
1620 2399 1723 2435 einer

976 2446 1198 2492 Bedingung
1235 2449 1355 2490 (wenn
1391 2446 1538 2490 anders,
1573 2446 1621 2481 da
1653 2446 1720 2491 ja).

1022 2494 1129 2540 foret]
1165 2493 1271 2528 nicht
1307 2495 1402 2537 fore,
1436 2493 1602 2528 obschon
1637 2494 1720 2529 rhe—

978 2541 1140 2576 torische
1153 2541 1270 2586 Frage
1280 2570 1288 2584 ‚
1301 2540 1388 2576 weil
1402 2539 1483 2575 eine
1497 2540 1722 2586 Bedingung

978 2601 1020 2622 zu
1041 2592 1223 2633 erganzen
1242 2589 1307 2623 ist:
1336 2598 1441 2622 wenn
1459 2587 1536 2621 ihm
1557 2587 1637 2621 dies
1657 2598 1720 2622 an-

978 2636 1140 2681 gedroht
1163 2636 1301 2670 wiirde.
1647 2680 1666 2684 ι

1029 2688 1044 2717 1
1053 2687 1081 2717 1.
1097 2684 1191 2718 inter
1205 2684 1355 2728 collegas
1375 2680 1598 2726 convenerat]
1609 2698 1644 2709 =
1652 2682 1719 2716 eol-

975 2731 1070 2776 leyae
1104 2731 1199 2765 inter
1231 2740 1267 2765 se
1301 2732 1596 2774 comparaverant
1627 2727 1716 2774 (vgl.

973 2790 1015 2812 zu
1039 2777 1202 2822 Kap.21‚
1220 2778 1288 2821 10).

1021 2825 1066 2858 Α.
1081 2822 1325 2868 Postumium]
1347 2822 1397 2856 Er
1410 2832 1486 2856 war
1506 2821 1586 2857 drei
1604 2821 1627 2857 J
1630 2822 1718 2858 ahre

974 2871 1108 2905 voi-her
1147 2870 1403 2905 Reiteroberst
1441 2869 1548 2915 (Kap.
1575 2873 1636 2911 23,
1664 2870 1717 2914 6);

975 2917 1040 2952 das
1066 2917 1249 2951 Konsulat
1272 2917 1339 2951 hat
1364 2927 1403 2951 er
1427 2916 1488 2951 nie
1514 2915 1717 2952 bekleidet.
