1799 3105
93 103 120 122 a.
139 95 207 121 Chr.
216 101 258 122 ,11.
279 94 342 120 460.

644 82 789 117 LIBER
813 82 874 118 111.
925 82 1026 118 CAP.
1055 87 1111 118 18.
1608 83 1661 124 31

97 193 198 235 dum
237 194 292 234 ab
329 191 470 233 Roma
507 192 641 247 legati
688 191 894 233 auxilium
941 194 1138 246 petentes
1182 191 1378 244 veniant,
1423 191 1662 245 periculum
1690 204 1711 235 3

96 253 238 307 ipsum
277 251 591 306 discrimenque
638 266 686 292 ac
731 251 911 292 sociales
957 251 1059 293 deos
1104 250 1316 305 fidemque
1362 250 1582 292 foederum
1620 251 1664 292 id

97 325 286 366 poscere.

350 310 597 351 demerendi
628 310 837 353 beneficio
863 313 953 351 tam
986 312 1221 364 potentem,
1253 312 1344 351 tam
1375 310 1663 364 propinquam

98 371 319 412 civitatem
356 384 593 424 numquam
631 384 778 423 parem
822 370 1092 411 occasionem
1133 369 1308 410 daturos
1348 368 1462 411 deos.

97 430 199 471 ferri
239 429 467 483 auxilium,
505 429 704 470 iuventus
745 428 1048 482 conscribitur,
1091 443 1211 469 arma
1249 428 1417 470 dantur.

1523 370 1666 423 placet
1690 375 1713 405 4

1479 427 1664 469 Romam

98 489 239 543 prima
266 489 360 530 luce
386 488 606 529 venientes
633 487 784 541 procul
812 487 997 540 speciem
1023 487 1216 529 hostium
1242 487 1496 541 praebuere3
1523 487 1664 542 Aequi

97 551 171 590 aut
202 547 351 589 Volsci
391 547 534 588 venire
577 547 659 587 visi
707 548 818 587 sunt.

881 546 1044 599 deinde,
1081 546 1153 587 ubi
1194 561 1331 587 vanus
1370 549 1509 588 terror
1547 546 1666 601 abiit,

95 607 260 662 accepti
290 607 336 647 in
368 607 517 647 urbem
549 605 721 660 agmine
754 605 800 645 in
832 604 972 646 forum
1005 605 1280 647 descendunt.

214 665 280 707 Ibi
312 665 400 706 iam
426 664 471 706 P.
497 663 695 706 Valerius
728 664 876 706 relicto
910 664 962 705 ad
994 668 1219 718 portarum
1253 664 1467 718 praesidia
1499 665 1667 719 collega
1694 670 1715 702 5

96 725 339 766 instruebat
365 724 513 766 aciem.
562 723 797 765 auctoritas
824 723 905 765 viri
930 726 1136 777 moverat,
1163 723 1431 765 adfirmantis
1452 723 1668 777 Capitolio
1695 730 1715 761 6

97 786 347 838 recuperato
381 787 424 824 et
454 784 560 824 urbe
593 785 749 837 pacata
781 783 817 823 si
851 783 1020 824 edoceri
1053 798 1097 824 se
1131 783 1299 835 sissent,
1333 797 1440 837 quae
1467 783 1586 824 fraus
1613 783 1667 824 ab

95 843 282 885 tribunis
310 842 515 884 occulta
504 858 550 883 1n
575 842 671 897 lege
698 841 894 896 ferretur,
921 856 1154 883 memorem
1183 856 1226 883 se
1247 842 1461 884 maiorum
1483 857 1670 896 suorum,

97 915 334 944 memorem
361 901 646 957 cognominis,
674 916 758 956 quo
786 902 934 956 populi
961 901 1128 943 colendi
1149 902 1268 943 velut
1286 901 1547 942 hereditaria
1568 915 1670 942 cura

99 962 183 1003 sibi
203 976 228 1002 a
248 961 484 1002 maioribus
506 961 667 1002 tradita
687 964 812 1015 esset,
839 960 1064 1002 concilium
1085 960 1224 1015 plebis
1245 975 1331 1002 non
1352 960 1670 1015 impediturum.

98 1021 213 1062 hunc
239 1021 388 1062 ducem
416 1021 551 1062 secuti
575 1020 839 1075 nequiquam
859 1020 1199 1061 reclamantibus
1226 1019 1413 1061 tribunis
1438 1020 1483 1061 in
1509 1020 1669 1061 clivum
1697 1025 1715 1056 7

58 1116 62 1118 .
97 1079 393 1134 Capitolinum
438 1080 610 1135 erigunt
657 1079 804 1122 aciem.

874 1080 1125 1134 adiungitur
1169 1082 1212 1120 et
1254 1078 1498 1121 Tusculana
1541 1079 1669 1133 legio.

97 1142 261 1181 certare
294 1139 398 1180 socii
432 1139 643 1193 civesque,
675 1139 761 1179 utri
792 1141 1068 1193 recuperatae
1102 1139 1212 1180 arcis
1241 1153 1366 1180 suum
1399 1138 1526 1180 decus
1557 1137 1668 1179 face-

96 1201 205 1240 rent.

267 1198 351 1239 dux
383 1200 563 1253 uterque
590 1211 690 1239 suos
719 1198 983 1240 adhortatur.
1025 1197 1240 1252 trepidare
1273 1200 1366 1239 tum
1398 1197 1559 1251 hostes,
1589 1211 1669 1239 nec
1695 1202 1715 1233 8

95 1258 173 1299 ulli
213 1257 318 1298 satis
357 1257 420 1303 rei
458 1260 760 1312 praeterquam
804 1258 898 1299 loco
936 1257 1086 1312 fidere3
1124 1256 1440 1311 trepidantibus
1479 1256 1671 1297 inferunt

99 1317 224 1372 signa
255 1316 442 1357 Romani
469 1317 669 1372 sociique.
721 1316 808 1357 iam
835 1317 880 1357 in
907 1316 1170 1358 vestibulum
1196 1318 1481 1371 perruperant
1505 1315 1669 1370 templi,

97 1390 193 1417 cum
240 1375 285 1417 P.
325 1375 525 1417 Valerius
577 1376 692 1417 inter
736 1375 949 1430 primores
994 1389 1188 1430 pugnam
1239 1375 1355 1417 ciens
1401 1375 1668 1417 interficitur.

95 1435 141 1476 P.
161 1434 420 1476 Volumnius
449 1434 687 1477 consularis
719 1435 828 1476 vidit
861 1435 1096 1477 cadentem.
1148 1436 1184 1476 is
1220 1434 1320 1476 dato
1352 1435 1528 1489 negotio
1562 1434 1664 1488 suis,
1691 1443 1711 1474 9

96 1498 145 1535 ut
177 1508 331 1548 corpus
365 1495 632 1550 obtegerent,
664 1494 755 1549 ipse
788 1495 833 1535 in
865 1495 1009 1536 locum
1035 1494 1259 1548 vicemque
1292 1494 1479 1536 consulis
1513 1507 1667 1548 provo-

96 1587 306 1623 Redensart
341 1587 413 1622 Cic.
441 1585 544 1622 Verr.
573 1590 593 1622 5
625 1590 644 1629 ξ
672 1590 762 1629 174,
801 1587 848 1621 ad

97 1635 184 1671 fam.
212 1634 273 1678 15,
301 1638 357 1678 14,
384 1639 423 1677 43
450 1635 496 1669 de
521 1635 582 1669 fin.
610 1638 643 1678 4,
672 1638 728 1669 79.

146 1686 180 1718 3.
207 1682 416 1728 discrimen]
439 1681 664 1727 Steigerung
685 1693 729 1716 zu
751 1682 847 1725 peri-

97 1730 237 1772 culum,
266 1729 347 1764 ‘der
367 1729 597 1774 Hohepunkt
622 1728 846 1764 derselben'.

97 1776 182 1822 Vgl.
215 1777 257 1818 6,
293 1780 356 1819 17,
385 1780 402 1810 1
443 1777 484 1811 in
520 1777 600 1821 ipso
638 1777 848 1811 discrimine

92 1825 275 1869 perieuli,·
308 1823 348 1867 8,
375 1827 437 1868 24,
464 1827 484 1858 2
511 1825 553 1858 in
584 1827 687 1859 tanto
719 1824 847 1859 discri-

97 1873 193 1906 mine
215 1872 384 1916 periculi.

144 1919 295 1954 sociales
328 1918 425 1964 deos]
466 1918 526 1953 die
557 1917 847 1963 Bundesgotter,

99 1967 242 2001 welche
288 1966 348 2000 bei
393 1967 478 2000 dem
516 1965 744 2001 Abschlusse
783 1965 847 2000 des

98 2013 328 2048 Bfindnisses
373 2013 428 2058 (2,
462 2017 524 2058 33,
556 2015 592 2058 9)
642 2013 848 2059 angerufen

97 2062 261 2097 wurden.

148 2109 254 2153 fidem
274 2108 472 2154 foederum]
496 2108 556 2143 die
574 2108 614 2142 in
635 2108 704 2142 den
725 2107 848 2142 Bu'nd‘

99 2156 225 2191 nissen
250 2157 522 2200 versprochene
549 2156 679 2191 Treue.

146 2207 179 2239 4.
208 2203 346 2248 placet]
379 2202 492 2238 naml.
518 2204 681 2246 senatui,
712 2213 847 2247 unper-

100 2250 288 2286 s'onliches
329 2250 441 2285 Verb.
479 2250 550 2285 mit
580 2252 667 2285 Ace.
704 2260 732 2284 c.
765 2249 846 2293 Ins„

99 2309 172 2332 von
198 2296 420 2332 formlichen
447 2297 705 2332 Beschh‘issen.

147 2344 305 2390 aymine]
349 2344 403 2378 ‘in
439 2345 682 2389 geordnetem
716 2344 846 2390 Zuge',

101 2391 338 2426 adverbialer
364 2392 466 2434 Abl.;
497 2392 528 2434 1,
556 2396 588 2436 6,
616 2397 648 2426 2.

147 2442 179 2474 5.
207 2439 346 2484 relicto]
374 2438 460 2483 Vgl.
486 2439 580 2483 Kap.
611 2443 665 2481 17,
694 2443 748 2474 12.

149 2487 198 2521 ad
225 2514 231 2521 .
256 2514 262 2520 .
285 2515 292 2522 .
317 2486 523 2532 praesidia]
550 2487 600 2521 ad
621 2486 758 2521 ortlich
785 2497 846 2530 ge-

101 2534 260 2569 braucht
279 2550 324 2562 ==
344 2534 457 2578 apud,
483 2533 552 2568 wie
578 2534 612 2576 6,
628 2537 661 2575 9,
676 2537 696 2567 2
723 2534 847 2568 relicto

100 2582 150 2617 ad
175 2582 372 2616 exercitum
397 2582 541 2626 colleqa

149 2633 182 2664 6.
216 2628 392 2674 moverat]
422 2628 543 2663 ‘hatte
570 2627 759 2662 Eindruck
785 2638 846 2671 ge-

101 2675 238 2720 macht,
265 2676 436 2721 gewirkt,
463 2687 540 2710 war
566 2674 845 2727 durehgedrun-

100 2723 201 2768 gen'.
244 2734 381 2758 movere
410 2723 560 2758 absolut
591 2723 629 2757 111
661 2720 847 2767 gleichem

102 2770 213 2805 Sinne
238 2770 310 2805 wie
338 2771 372 2814 1,
399 2775 455 2814 59,
481 2774 519 2815 4,
547 2770 583 2814 2,
610 2774 642 2813 2,
671 2773 691 2804 9
719 2782 751 2804 11.
775 2769 846 2812 oft;

100 2816 141 2851 in
166 2818 323 2853 anderer
344 2798 564 2863 B'edehtung
589 2830 617 2854 Ζ.
634 2798 679 2852 Β.
701 2816 761 2861 22,
779 2820 810 2861 1,
826 2797 846 2851 1⁷

101 2864 298 2900 Hannibal
323 2876 367 2900 ex
391 2866 552 2901 hibernis
577 2866 696 2900 movit.

969 1587 1126 1633 occulta]
1178 1599 1222 1621 zu
1271 1587 1378 1630 fraus
1426 1584 1669 1630 <‘Hinterlist,

922 1634 1084 1678 Tsicke')
1110 1634 1286 1679 geherig,
1314 1632 1432 1669 durch
1458 1633 1518 1667 die
1545 1633 1671 1668 Wort—
1693 1658 1696 1661 A

922 1681 1088 1726 stellung
1115 1682 1432 1726 hervorgehoben.

967 1729 1162 1775 maiorum]
1174 1729 1259 1774 Vgl.
1270 1740 1314 1762 zu
1321 1728 1416 1772 Kap.
1429 1731 1484 1771 15,
1498 1731 1516 1762 1
1528 1739 1562 1763 11.
1574 1731 1628 1771 17,
1637 1730 1670 1762 8.

969 1776 1208 1822 cognominis]
1230 1776 1437 1820 Publicola,
1458 1775 1554 1809 nach
1576 1774 1670 1810 alte-

920 1835 980 1858 rer
1005 1824 1116 1859 Form
1142 1822 1338 1868 Poplicola
1363 1823 1412 1866 (2,
1440 1827 1473 1866 8,
1502 1824 1548 1866 1).

970 1875 1000 1906 7.
1048 1872 1163 1906 clivus
1202 1870 1434 1915 Capitolinus
1477 1868 1566 1904 hiess
1606 1869 1671 1904 der

922 1918 1032 1953 steile
1048 1917 1243 1963 Fahrweg,
1258 1917 1419 1953 welcher
1432 1928 1519 1952 vom
1532 1917 1671 1952 Forum

921 1966 988 2000 auf
1011 1966 1076 2001 das
1102 1966 1184 2011 Kap
1186 1965 1333 2000 itolium
1358 1964 1494 2000 111111136-

969 2013 1131 2059 erigunt]
1161 1978 1315 2047 pfiihren
1366 2014 1453 2057 (den
1492 2011 1625 2047 Abhan
1629 2012 1668 2057 g)

921 2059 1049 2095 hinan.
1089 2082 1133 2086 —
1172 2060 1296 2106 suum]
1336 2060 1407 2095 mit
1444 2058 1671 2094 Nachdruck

921 2119 987 2143 vor
1013 2109 1120 2143 decus
1146 2108 1317 2152 gestent,
1348 2118 1454 2142 suum
1479 2107 1599 2150 facere
1625 2123 1669 2135 =

923 2156 1003 2190 sich
1029 2154 1212 2200 erringen.

970 2206 1002 2238 8.
1018 2204 1201 2249 trepidare
1221 2232 1228 2239 .
1247 2231 1254 2237 .
1272 2230 1278 2237 .
1300 2201 1588 2247 trepidantibus]
1606 2202 1670 2236 be-

921 2250 1036 2286 1161116
1064 2251 1360 2295 Wiederholung
1380 2251 1444 2285 des
1466 2249 1669 2292 Verbums3

919 2298 995 2343 vgl.
1023 2298 1116 2343 Kap.
1145 2302 1200 2341 15,
1228 2301 1259 2332 7.

968 2346 1135 2388 inferunt
1158 2345 1283 2391 siyna]
1319 2344 1476 2388 ‘greifen
1498 2371 1504 2377 .
1527 2371 1534 2378 .
1558 2372 1564 2378 .
1586 2343 1670 2385 an’3

920 2391 1084 2428 dieselbe
1110 2393 1317 2427 Redensart
1342 2391 1434 2436 Kap.
1463 2395 1519 2434 60,
1546 2395 1585 2434 83
1613 2394 1670 2435 62,

921 2442 959 2483 8,
989 2444 1044 2483 70,
1072 2443 1126 2474 10.

961 2498 1129 2532 puynam
1163 2486 1276 2532 ciens]
1314 2486 1400 2521 ‘den
1436 2484 1577 2529 Kampf
1607 2495 1670 2518 an-

919 2535 1071 2579 regend,
1092 2546 1175 2568 zum
1194 2533 1236 2568 K.
1260 2532 1536 2568 ermunternd’:
1558 2532 1593 2575 1,
1614 2535 1670 2575 12,

921 2585 959 2624 2;
986 2582 1027 2625 9,
1055 2585 1117 2625 22,
1147 2584 1186 2624 7,
1213 2581 1396 2625 proelium
1422 2581 1513 2614 ciere
1538 2579 1578 2621 2,
1614 2582 1669 2622 19,

922 2632 984 2670 10;
1011 2627 1044 2670 4,
1072 2632 1129 2670 33,
1156 2632 1192 2670 3;
1223 2628 1256 2671 7,
1283 2631 1340 2671 33,
1369 2631 1430 2669 12,
1465 2626 1525 2669 10,
1552 2630 1609 2669 28,
1637 2630 1668 2661 8.

969 2679 1001 2711 9.
1031 2675 1074 2709 Ρ.
1098 2675 1330 2720 Volumnius]
1358 2674 1441 2718 Vgl.
1457 2674 1549 2718 Kap.
1568 2677 1622 2717 10,
1636 2676 1668 2707 5.

967 2722 1096 2768 vicem]
1126 2722 1201 2757 ‘die
1229 2721 1360 2756 Stelle’
1384 2721 1439 2755 als
1465 2720 1668 2764 Anffihren

920 2769 980 2813 38,
1007 2773 1064 2813 48,
1093 2773 1112 2804 7
1133 2770 1321 2805 succedens
1351 2770 1394 2804 in
1425 2769 1536 2803 vicem
1560 2769 1671 2813 impe-

919 2828 969 2852 ru
994 2828 1061 2852 vui.

962 2864 1147 2910 provolat]
1188 2864 1221 2909 2,
1247 2868 1303 2907 20,
1337 2867 1380 2898 10
1420 2863 1595 2898 desiliunt
1625 2873 1670 2898 ea:
