1799 3105
24 177 51 195 a.
66 169 134 195 Chr.
149 176 178 194 n.
192 169 252 194 409.
265 168 325 193 408.
578 154 722 188 LIBER
749 154 811 189 IV.
856 153 958 189 CAP.
986 159 1041 190 56.
1537 158 1593 199 95

146 262 330 305 Volscos
376 262 527 304 deinde
573 264 615 303 et
656 262 851 318 Aequos,
893 278 966 305 seu
1011 263 1282 305 Carventana
1320 278 1396 304 arx
1428 266 1596 304 retenta
1624 272 1643 301 4

27 322 69 364 in
123 337 241 377 spem
292 337 367 363 seu
406 321 646 376 Verrugine
698 322 902 363 amissum
948 322 1209 378 praesidium
1253 322 1305 364 ad
1350 321 1456 370 iram
1501 337 1593 363 cum

28 381 292 436 impulisset,
323 380 440 422 fama
473 380 665 422 adfertur
698 396 865 422 summa
897 382 939 422 vi
972 382 1023 422 ad
1056 382 1220 423 bellum
1254 384 1442 436 coortos3
1469 385 1598 435 caput

27 455 169 482 rerum
202 439 404 482 Antiates
444 454 558 495 esse,
591 454 736 481 eorum
779 440 946 496 legatos
980 441 1205 496 utriusque
1239 441 1381 495 gentis
1414 441 1597 495 populos
1625 449 1647 478 5

27 499 273 541 circumisse
296 500 550 555 castigantis
572 499 804 554 ignaviam,
826 499 939 554 quod
960 500 1097 541 abditi
1118 500 1233 541 intra
1253 515 1397 541 muros
1416 500 1599 554 popula-

27 559 194 600 bundos
216 559 258 600 in
294 559 411 612 agris
433 559 581 612 vagari
602 558 821 599 Romanos
854 558 995 613 priore
1028 574 1140 600 anno
1168 562 1211 600 et
1238 559 1421 614 opprimi
1443 558 1599 600 Verru—

29 617 143 671 ginis
171 618 430 673 praesidium
457 618 573 672 passi
601 619 762 659 essent:
788 617 873 658 iam
901 632 986 659 non
1012 618 1223 660 exercitus
1248 619 1374 660 modo
1396 621 1599 672 armatos,
1627 625 1649 656 6

29 677 101 718 sed
131 677 321 718 colonias
350 677 481 718 etiam
509 677 551 717 in
573 691 672 719 suos
694 678 798 718 fines
826 677 960 732 mitti,
985 692 1064 718 nec
1084 677 1202 731 ipsos
1230 678 1357 719 modo
1379 677 1598 719 Romanos

29 751 108 778 sua
149 736 286 777 divisa
327 736 504 790 habere,
546 737 617 778 sed
652 736 931 777 Ferentinum
967 737 1097 778 etiam
1133 737 1184 778 de
1218 751 1262 778 se
1290 739 1461 790 captum
1494 737 1598 778 Her-

28 795 135 837 nicis
152 796 346 837 donasse.
378 795 429 837 ad
450 795 557 836 haec
581 810 674 837 cum
701 795 1074 837 inflammarentur
1097 796 1241 851 animi,
1266 802 1315 837 ut
1340 796 1390 837 ad
1408 810 1599 850 quosque
1628 804 1648 834 7

28 858 204 896 ventum
229 857 340 909 erat,
360 869 563 896 numerus
585 855 802 897 iuniorum
823 855 1184 897 conscribebatur.
1229 855 1292 896 ita
1313 856 1504 896 omnium
1528 869 1600 910 po-

29 914 227 968 pulorum
261 914 461 955 iuventus
490 914 670 955 Antium
705 916 943 965 contracta,
975 914 1035 955 ibi
1069 915 1223 956 castris
1250 914 1404 969 positis
1431 915 1599 955 hostem

29 972 375 1028 opperiebantur.

148 1031 265 1081 Quae
298 1032 370 1073 ubi
403 1033 592 1074 tumultu
628 1033 789 1074 maiore
822 1032 970 1087 etiam,
1004 1047 1132 1087 quam
1164 1047 1231 1074 res
1260 1036 1369 1087 erat,
1401 1032 1599 1073 nuntian-
1628 1039 1651 1070 8

7 1088 101 1132 ‘tur
127 1091 329 1144 Romam,
356 1095 530 1133 senatus
559 1092 797 1147 extemplo,
825 1092 939 1147 quod
965 1092 1008 1133 in
1036 1093 1163 1133 rebus
1190 1092 1371 1146 trepidis
1398 1091 1602 1133 ultimum

30 1150 260 1192 eonsilium
288 1154 398 1206 erat,
425 1151 679 1192 dictatorem
707 1151 790 1193 clici
816 1151 952 1192 iussit.
1017 1166 1144 1206 quam
1172 1166 1263 1192 rem
1289 1164 1418 1205 aegre
1450 1165 1601 1205 passos
1629 1159 1649 1190 9

33 1210 189 1252 lulium
233 1209 566 1265 Corneliumque
611 1209 756 1251 ferunt
797 1225 1038 1266 magnoque
1080 1210 1316 1252 certamine
1361 1209 1625 1251 animorum.

31 1283 121 1310 rem
155 1272 315 1324 actam,
355 1284 450 1311 cum
492 1270 700 1324 primores
743 1273 935 1324 patrum,
966 1270 1229 1325 nequiquam
1262 1270 1484 1324 conquesti
1516 1265 1676 1323 11011ξ10

32 1342 124 1370 esse
157 1328 201 1369 in
240 1330 499 1370 auctoritate
540 1331 713 1370 senatus
747 1329 945 1370 tribunos
980 1329 1184 1381 militum,
1216 1332 1438 1383 postremo
1473 1324 1624 1382 etiam?

31 1387 228 1429 tribunos
250 1388 367 1443 plebi
389 1389 661 1443 appellarent
687 1391 730 1430 et
757 1388 1004 1429 consulibus
1032 1402 1200 1443 quoque
1228 1389 1281 1429 ab
1309 1402 1359 1429 ea
1384 1385 1620 1448 potestate}

31 1447 118 1488 vim
151 1462 280 1503 super
311 1447 390 1488 tali
422 1462 466 1488 re
498 1447 730 1489 inhibitam
763 1447 993 1500 referrent,
1036 1447 1200 1488 tribuni
1231 1447 1349 1501 plebi
1381 1447 1484 1488 laeti
1518 1446 1612 1488 dis-¹
1632 1454 1673 1485 11

34 1506 180 1548 cordia
224 1508 398 1561 patrum
448 1507 556 1548 nihil
600 1522 693 1549 esse
739 1507 782 1548 in
824 1521 864 1548 se
904 1507 958 1548 iis
1002 1507 1153 1548 auxilii
1196 1507 1404 1561 dicerent,
1449 1506 1603 1561 quibus

32 1580 119 1607 non
151 1565 326 1620 civium,
358 1580 445 1607 non
478 1566 660 1621 denique
692 1566 916 1608 hominum
949 1580 1129 1607 numero
1163 1568 1323 1607 essent:
1358 1566 1392 1607 si
1436 1565 1604 1620 quando
1634 1573 1677 1603 12

82 1712 114 1742 4.
140 1717 223 1741 sen.
243 1733 249 1740 .
267 1734 273 1741 .
289 1706 366 1751 seu]
395 1705 501 1740 nicht
527 1706 587 1740 ein
608 1707 690 1741 Teil
718 1708 783 1742 cler
907 1710 936 1740 7.
963 1706 1012 1740 ad
1045 1706 1145 1751 haee]
1169 1702 1247 1740 ‘bei
1283 1704 1411 1739 diesen
1436 1705 1603 1747 Worten,

34 1753 232 1798 Meldung,
270 1754 429 1788 sondern
456 1754 690 1800 Vermutung-
717 1756 782 1790 des
857 1750 1053 1786 dadurch’.
1081 1752 1175 1797 Kap.
1192 1757 1223 1795 6,
1240 1757 1270 1787 3.

34 1801 781 1838 Livius.Daseu..seuselbstNebensatze
902 1800 957 1845 nt]
1025 1799 1095 1834 mit
1155 1799 1452 1844 Plusquamperf.
1516 1799 1607 1832 oder

35 1848 214 1884 einleiten
247 1848 364 1892 kann,
398 1860 437 1883 so
473 1848 523 1883 ist
555 1849 615 1884 die
649 1850 781 1885 Unter-
856 1847 1005 1892 Imperf.
1031 1847 1097 1882 der
1111 1846 1382 1882 wiederholten
1403 1846 1606 1888 Handlung

36 1896 206 1940 ordnung
232 1896 429 1931 desselben
454 1898 563 1931 unter
583 1897 648 1932 das
668 1900 780 1932 nach·
855 1894 894 1928 in
940 1894 1184 1939 Verbindung
1222 1894 1292 1928 mit
1335 1895 1502 1939 quisque,
1548 1893 1606 1928 bei

37 1944 210 1989 gestellte
238 1955 318 1978 cum
345 1944 426 1978 eine
455 1944 674 1980 Seltenheit,
855 1941 983 1976 Livius
1003 1942 1146 1986 haufig:
1170 1941 1247 1976 liess
1268 1941 1348 1976 sich
1368 1941 1526 1984 iiberall,
1549 1951 1607 1974 wo

82 1992 124 2026 in
148 2001 265 2036 spem.
284 2019 290 2025 .
306 2020 313 2026 .
328 1993 377 2028 ad
395 1993 505 2038 iram]
523 1992 697 2027 Wechsel
718 1993 783 2027 der
856 1989 908 2024 sie
935 1988 1137 2024 hinkamen
1154 2017 1161 2024 .
1179 2019 1184 2023 .
1204 2018 1209 2023 .

36 2040 186 2084 Pr'apos.
239 2038 277 2073 in
315 2039 560 2085 Verbindung
605 2040 674 2075 mit
717 2042 781 2075 im-
905 2041 936 2071 8.
981 2037 1061 2082 ubi]
1107 2037 1177 2071 mit
1221 2037 1343 2071 Praes.
1389 2034 1488 2078 hist„

31 2087 194 2132 puli-sset.
856 2084 950 2129 Kap.
968 2088 1022 2127 55,
1041 2089 1073 2118 2.

1538 2034 1607 2069 wie

85 2135 269 2180 Antiates]
298 2134 367 2169 Die
393 2135 530 2170 Romer
554 2135 686 2169 hatten
713 2139 783 2170 468

38 2194 69 2219 v.
105 2181 189 2216 Chr.
223 2182 282 2216 die
322 2182 587 2217 Volskerstadt
631 2182 784 2217 Antium

39 2229 187 2264 erobert
213 2230 288 2263 und
316 2229 401 2264 dort
427 2229 510 2264 eine
536 2229 695 2264 Kolonie
722 2241 783 2273 ge-

38 2277 215 2322 grfindet,
260 2277 400 2311 welche
451 2277 652 2311 mehrmals
688 2277 784 2318 &eine

39 2323 284 2369 zweideutige
328 2323 499 2369 Stellung
534 2336 655 2369 gegen
690 2325 786 2359 Rom

40 2371 216 2406 einnahm
242 2372 317 2405 und
349 2382 426 2405 nun
458 2372 512 2406 als
539 2372 788 2418 Mittelpunkt

41 2422 183 2464 (camah
219 2419 294 2463 vgl.
328 2423 359 2461 3,
376 2423 429 2463 38,
449 2424 508 2461 1ος
542 2419 617 2454 Cic.
643 2432 680 2464 p.
707 2419 786 2454 Mil.

41 2471 84 2502 90
106 2467 265 2509 curiam,
293 2470 404 2511 eaput
422 2467 540 2510 urbis)
562 2467 627 2501 der
646 2466 786 2501 volski-

41 2515 155 2549 schen
182 2513 538 2558 Unternehmungen
563 2514 645 2558 galt

89 2566 121 2597 5.
154 2562 344 2606 utriusque
368 2562 484 2607 yentis
503 2561 674 2606 populos]
703 2561 788 2606 Vgl.

40 2609 134 2654 Kap.
150 2613 206 2652 49,
223 2613 256 2643 3.

91 2660 122 2692 6.
161 2655 336 2700 colonias]
365 2655 476 2689 naml.
509 2655 605 2689 nach
641 2655 788 2699 Labici3

42 2704 136 2749 Kap.
151 2708 207 2746 47,
226 2708 257 2739 6.

91 2753 188 2796 ipsos
209 2779 216 2786 .
235 2779 264 2786 ..
287 2749 539 2795 Ferentinum]
575 2760 789 2794 ungenauer

44 2798 269 2844 Gegensatz3
310 2796 513 2842 eigentlich
547 2796 678 2831 stehen
708 2796 788 2832 sich

10 2857 13 2861 ·
43 2846 228 2882 Romanos
261 2845 337 2879 und
363 2845 538 2879 Hernicis
563 2844 787 2889 gegem‘iber.

91 2904 160 2928 sua
203 2893 322 2928 divisa
364 2892 506 2938 habere]
551 2891 682 2926 hatten
729 2891 789 2926 ihr

44 2939 245 2985 Eigentum
273 2939 407 2984 geteilt
431 2939 506 2973 und
532 2937 570 2973 in
596 2938 729 2974 Besitz.

906 2133 946 2167 in
987 2133 1093 2167 rebus
1136 2132 1302 2177 trepidis]
1343 2130 1436 2176 Kap.
1461 2135 1514 2172 13,
1542 2134 1606 2171 143

860 2184 914 2223 17,
930 2184 968 2222 83
992 2183 1047 2223 46,
1065 2183 1096 2214 8.
1112 2179 1199 2214 Hor.
1216 2190 1327 2214 carm.
1347 2182 1378 2222 3,
1395 2182 1427 2223 2,
1446 2182 1465 2213 5
1481 2179 1606 2213 vitam-

859 2238 924 2272 que
961 2228 1028 2262 sub
1067 2228 1149 2263 divo
1187 2231 1218 2262 et
1253 2227 1405 2271 trepidis
1442 2229 1529 2271 ayat
1567 2225 1609 2259 in

857 2276 964 2310 rebus
991 2277 1122 2320 (puer).

908 2326 962 2358 10.
1002 2333 1073 2358 esse
1109 2324 1151 2357 in
1188 2325 1283 2357 auct.
1320 2320 1482 2366 senatus]
1522 2319 1607 2364 Vgl.

860 2370 951 2415 Kap.
979 2374 1035 2413 26,
1053 2373 1084 2404 7.

907 2418 1030 2464 snper]
1058 2416 1127 2451 mit
1152 2416 1237 2451 Abl.
1264 2427 1332 2450 nur
1357 2414 1395 2449 in
1423 2415 1495 2448 den
1515 2413 1606 2448 Ver-

861 2465 1097 2510 bindungen:
1123 2475 1232 2509 super
1258 2464 1325 2498 tali
1343 2474 1380 2497 re
1401 2464 1471 2506 (34,
1488 2465 1542 2505 60,
1558 2462 1608 2505 2),

861 2523 969 2557 super
987 2517 1091 2548 tanta
1105 2523 1143 2546 re
1163 2514 1341 2557 <5,15,12
1357 2522 1390 2544 u.
1408 2513 1462 2551 17,
1480 2513 1516 2550 7;
1550 2512 1607 2551 26,

865 2564 918 2603 15,
935 2564 972 2603 5;
1000 2564 1056 2603 36,
1074 2564 1128 2602 12,
1144 2561 1191 2604 3),
1218 2570 1245 2594 s.
1272 2569 1344 2602 qua
1369 2568 1408 2592 re
1433 2558 1479 2600 (8,
1497 2561 1526 2598 3,
1546 2560 1606 2597 103

863 2612 918 2652 42,
937 2611 993 2651 24,
1011 2610 1043 2652 1)
1064 2607 1140 2641 und
1160 2617 1186 2641 s.
1214 2607 1320 2640 rebus
1344 2605 1458 2640 tantis
1472 2606 1504 2645 2,
1520 2607 1552 2646 4,
1567 2607 1605 2644 4,

863 2655 949 2690 sehr
974 2654 1030 2689 oft
1055 2654 1117 2688 bei
1143 2653 1270 2688 Livius
1297 2651 1368 2686 mit
1393 2653 1525 2685 Aecus.

909 2702 1120 2748 inhibitam]
1151 2701 1234 2746 Vgl.
1263 2699 1354 2745 Kap.
1371 2703 1425 2741 53,
1444 2703 1474 2733 7.

912 2754 966 2784 11.
981 2761 1055 2785 non
1075 2748 1241 2793 deniqne]
1254 2744 1308 2796 ‘ja
1323 2746 1428 2780 nicht
1441 2741 1609 2779 einmal'.

862 2798 1015 2842 deniqne
1035 2796 1174 2841 knupft
1193 2796 1258 2829 das
1274 2792 1468 2836 Ausserste,
1482 2791 1611 2826 Letzte

862 2855 925 2887 an3
966 2855 1004 2879 es
1043 2844 1145 2878 steht
1182 2842 1298 2876 daher
1336 2841 1456 2874 seiten
1494 2839 1609 2874 sehon

860 2891 956 2926 beim
976 2891 1131 2926 zweiten
1153 2889 1261 2924 Glied
1289 2889 1354 2922 der
1372 2886 1609 2931 Aufzahlung

862 2940 908 2983 (5,
925 2943 956 2982 6,
974 2943 1034 2980 123
1062 2941 1220 2981 8,21,6;
1248 2939 1375 2979 23‚13,
1394 2935 1440 2979 1).
