1799 3105
585 61 731 96 LIBER
755 61 800 97 Π.
851 61 954 98 CAP.
981 66 1037 98 56.
1065 66 1122 97 5'1'.
1561 63 1643 105 127

73 80 102 98 a.
123 72 192 98 Chr.
211 73 274 98 471.

74 172 180 212 haud
210 173 419 211 incruento
452 172 603 223 proelio
636 172 755 223 foret,
787 173 829 210 ni
861 171 1082 224 Quinctius,
1115 172 1254 212 consul
1286 173 1395 225 alter,
1428 173 1643 212 consulari-

74 231 150 270 bus
187 232 345 282 negotio
384 231 492 283 dato,
530 238 574 270 ut
605 230 794 281 collegam
820 232 875 283 vi,
915 233 948 270 si
986 231 1099 270 aliter
1136 244 1216 270 non
1253 239 1433 283 possent,
1472 232 1518 271 de
1558 233 1642 271 foro

75 289 335 341 abducerent,
374 291 459 341 ipse
497 302 602 328 nunc
641 289 798 340 plebem
830 291 1069 329 saevientem
1100 290 1287 341 precibus
1319 290 1498 343 lenisset,
1537 304 1641 330 nunc

75 354 226 387 orasset
264 348 465 400 tribunos,
502 355 546 388 ut
585 348 797 387 concilium
835 348 1098 388 dimitterent:
1142 349 1281 388 darent
1325 351 1406 389 irae
1430 352 1642 402 ¹'spatium3

74 419 155 446 non
186 409 266 446 vim
298 420 409 446 suam
439 406 517 446 illis
548 413 705 458 tempus
738 407 1027 459 adempturum,
1060 408 1129 446 sed
1161 408 1370 448 consilium
1400 409 1552 448 viribus
1579 410 1642 448 ad-

75 466 265 518 diturum,
297 473 335 505 et
366 472 499 517 patres
531 467 571 504 in
602 465 739 517 populi
771 472 810 504 et
841 466 1045 505 consulem
1076 468 1115 505 in
1142 473 1301 518 patrum
1327 468 1410 507 fore
1436 474 1642 519 potestate.

74 527 201 576 Aegre
240 525 372 564 sedata
410 524 458 563 ab
491 524 675 570 Quinctio
708 524 837 576 plebs,
879 525 1003 564 multo
1036 527 1192 576 aegrius
1225 527 1364 565 consul
1396 527 1494 566 alter
1525 540 1545 565 a
1577 540 1642 578 pa·
1668 532 1683 541 ⁷

76 584 215 623 tribus.
277 584 439 622 dimisso
479 583 636 622 tandem
674 583 840 622 concilio
877 583 1005 634 plebis
1043 591 1223 624 senatum
1261 586 1444 625 consules
1484 586 1642 625 habent.

73 642 144 682 uhi
175 655 267 682 cum
297 644 416 681 timor
448 648 565 694 atque
597 644 655 681 im
681 644 722 681 in
754 644 880 681 vicem
913 645 1128 682 sententias
1154 645 1382 697 variassent,
1415 657 1493 696 quo
1519 647 1642 696 magis

75 703 201 752 spatio
247 703 484 752 interposito
523 701 570 740 ab
608 703 759 752 impetu
804 702 851 740 ad
896 702 1199 741 consultandum
1244 704 1551 755 advocabantur,
1596 717 1642 743 eo

72 759 163 811 plus
195 759 460 799 abhorrebant
493 773 514 799 a
546 762 762 799 certatione
787 762 922 812 animi,
955 761 1051 799 adeo
1084 768 1126 800 ut
1161 761 1345 806 Quinctio
1379 764 1523 813 gratias
1556 776 1643 814 age-

73 825 181 871 rent,
220 819 325 870 quod
358 821 444 858 eius
477 832 595 871 opera
627 821 803 871 mitigata
835 820 1032 859 discordia
1064 827 1180 859 esset.
1243 821 1291 859 ab
1323 823 1449 872 Appio
1480 824 1641 874 petitur,

73 884 118 917 ut
149 884 298 917 tantam
330 878 578 917 consularem
611 880 856 918 maiestatem
888 891 974 917 esse
1007 879 1139 931 vellet,
1181 886 1326 931 quanta
1359 893 1444 919 esse
1478 882 1519 919 in
1551 893 1641 920 con-

74 937 186 976 cordi
235 939 391 976 civitate
442 945 587 989 posset.
657 938 752 976 dum
795 937 946 977 tribuni
987 938 1250 990 consulesque
1295 939 1342 978 ad
1388 952 1429 978 se
1474 941 1642 992 quisque

74 997 205 1034 omnia
249 996 424 1048 trahant,
468 997 567 1035 nihil
610 996 795 1036 relictum
838 1008 924 1035 esse
962 999 1106 1036 virium
1144 999 1185 1037 in
1222 998 1370 1049 medio:
1414 999 1644 1038 dIstractam

74 1055 364 1107 laceratamque
391 1068 475 1094 rem
507 1055 722 1108 puhlicamg
761 1058 884 1107 magIs
918 1069 1088 1108 quorum
1120 1059 1160 1095 in
1192 1069 1311 1095 manu
1344 1059 1410 1109 sit,
1451 1070 1567 1109 quam
1599 1065 1643 1097 ut

124 1185 179 1216 15.
205 1181 307 1216 haud
332 1182 439 1224 incr„
472 1182 557 1216 sehr
581 1182 720 1227 blutig,
753 1182 823 1217 wie
890 1185 996 1226 petit,
1044 1182 1368 1227 augenbliekliehe
1412 1184 1642 1229 Aufregung,

75 1232 132 1272 27,
155 1232 210 1270 12,
233 1232 288 1265 12.
315 1232 372 1271 37,
395 1233 448 1272 16,
472 1233 526 1264 12.
563 1229 597 1263 h.
623 1240 710 1264 sane
731 1230 821 1264 inc-r.

74 1279 136 1318 21,
163 1279 226 1319 29,
252 1280 291 1319 43
316 1275 386 1311 mit
419 1287 489 1310 non
521 1288 590 1311 nur
615 1280 672 1319 40,
699 1280 756 1319 32,
785 1280 821 1310 7:

72 1323 179 1358 nicht:
203 1322 340 1368 gerade
366 1322 550 1369 unblutig.
582 1344 626 1349 —-
660 1334 758 1358 nunc
783 1352 790 1358 .
813 1351 821 1359 .

72 1381 191 1413 nune,
222 1383 249 1406 s.
276 1382 321 1404 zu
347 1381 376 1406 0.
405 1374 459 1413 10,
487 1375 519 1406 8.
547 1391 591 1396 —-
618 1371 756 1415 plebem
783 1399 790 1406 .
815 1397 821 1403 .

73 1418 232 1460 lenisset,
265 1418 377 1452 lenire
408 1429 481 1453 von
511 1418 728 1458 Meuschen.
761 1418 822 1452 dje

73 1464 280 1509 besinstigt
304 1465 470 1509 werden,
495 1477 566 1499 nur
584 1465 665 1500 hier
682 1465 745 1500 bei
767 1465 820 1507 L.,

73 1514 179 1547 sonst:
189 1512 272 1547 sind
283 1524 353 1546 nur
362 1512 561 1547 Abstracta
570 1512 736 1558 Objecte,
750 1513 820 1547 wie

72 1561 186 1602 iram,
216 1560 415 1602 invidiam,
448 1562 630 1601 animum,
660 1561 822 1604 indigni-

73 1610 199 1648 tatem,
224 1607 442 1641 desiderium
468 1619 502 1642 u.
530 1611 564 1642 ἃ.
608 1607 708 1641 Aber
726 1607 823 1642 auch

75 1653 149 1688 Cic.
167 1653 261 1688 Mur.
283 1658 346 1697 31,
367 1658 411 1688 65
432 1658 463 1688 te
481 1655 558 1689 dies
577 1655 699 1688 leniat.
743 1656 821 1688 Att.

74 1705 107 1744 6,
128 1705 161 1741 2,
187 1705 219 1735 2.
248 1700 315 1742 Qu.
340 1700 385 1735 fr.
412 1705 445 1744 3,
472 1705 504 1743 5,
530 1706 562 1736 4.
592 1700 703 1745 Verg.
732 1703 822 1736 Aen.

74 1753 108 1791 4,
130 1751 198 1782 393
220 1748 331 1782 lenire
351 1748 534 1782 dolentem.
550 1769 593 1773 —
616 1749 819 1794 conczlium,

74 1806 122 1830 se.
143 1795 274 1839 plebis,
300 1806 329 1830 0.
357 1799 413 1838 57,
441 1799 473 1830 2.

124 1847 179 1877 16.
206 1843 337 1877 darent
360 1843 439 1877 irae
463 1853 533 1886 sp„
559 1842 679 1877 ihrem
705 1842 820 1877 Zorne

73 1890 212 1932 Raum,
244 1889 326 1924 Zeit
357 1889 492 1934 geben,
528 1890 562 1924 d.
590 1890 624 1924 h.
652 1890 718 1924 ihn
742 1889 822 1924 sich

73 1937 270 1980 austoben,
307 1937 537 1971 verrauchen
574 1937 713 1979 laesen,
753 1936 821 1971 ehe

73 1984 127 2019 sie
150 1983 370 2027 handelten,
395 1983 466 2018 wie
493 1988 526 2027 8,
547 1987 609 2027 32,
638 1989 692 2018 14.
738 1983 820 2018 Sen.

73 2031 108 2066 d.
140 2031 198 2066 ira
228 2035 261 2073 3,
294 2035 339 2066 39
374 2031 574 2076 [Anhang]
602 2052 646 2056 —
673 2041 743 2066 esse
782 2032 819 2064 in

66 2082 215 2124 potest„
262 2078 357 2113 ‘sich
394 2078 480 2112 dem
518 2078 656 2113 Willen
694 2077 819 2122 ffigen,

74 2128 140 2161 der
171 2125 362 2160 Antoriffit'.
390 2126 654 2160 unterwerfen'
672 2153 680 2168 ,
719 2129 820 2160 sonst

73 2174 116 2207 in
145 2173 362 2208 auctoritate
392 2183 463 2207 esse
494 2176 526 2212 3,
554 2176 610 2208 21.
638 2178 669 2207 1.
703 2176 759 2215 32,
789 2177 819 2215 7,

75 2224 137 2263 123
162 2222 220 2263 28,
246 2222 278 2254 8.
305 2224 338 2263 4,
364 2223 421 2262 26,
450 2223 481 2261 ῖς
509 2224 565 2261 56,
592 2224 647 2254 10.
674 2224 707 2263 5,
734 2223 766 2262 9,
787 2225 819 2254 4.

120 2312 184 2349 57.
206 2318 239 2348 2.
259 2317 345 2347 sent.
358 2314 569 2356 variassent,
579 2314 820 2349 verschieden

75 2360 142 2396 auf
158 2360 218 2396 die
238 2359 463 2404 Meinungen
483 2360 719 2404 einwirkten,
738 2372 820 2396 ver-

75 2407 272 2443 schiedene
298 2407 521 2452 Meinungen
551 2408 819 2452 veranlassten,

73 2455 150 2500 vgl.
172 2459 229 2497 23,
250 2459 283 2498 5,
306 2459 326 2489 8
354 2455 519 2488 variante
543 2455 694 2497 fortuna
722 2466 819 2489 even-

73 2506 161 2537 tum.
213 2501 287 2537 Cic.
319 2501 396 2535 Mil.
432 2505 463 2542 3,
497 2505 517 2536 S
558 2502 710 2536 variatis
743 2512 821 2536 sen-

72 2551 206 2585 tentiis.
255 2548 399 2583 Anders
430 2552 493 2590 22,
526 2551 588 2591 60,
615 2552 635 2582 3
664 2549 714 2583 ibe·
738 2559 818 2582 eum

73 2597 259 2632 sententiis
293 2596 499 2630 variaretur
530 2595 606 2629 und
632 2599 688 2638 38,
715 2599 772 2636 57,
799 2599 820 2630 8

73 2656 181 2689 quam
207 2643 443 2688 opinionibus
469 2670 475 2676 .
504 2670 510 2676 .
542 2643 736 2677 variarent.
764 2645 820 2685 27,

74 2695 131 2735 27,
159 2696 204 2725 14
233 2691 335 2734 fama
369 2691 498 2725 cariat.
550 2695 579 2731 1,
607 2693 663 2730 43,
691 2694 732 2723 11
771 2689 822 2723 ibi

73 2739 107 2772 si
146 2739 321 2781 variaret,
360 2749 387 2771 s.
421 2737 498 2771 das.
534 2735 606 2771 Cic.
641 2736 700 2770 fin.
728 2740 761 2780 5,
788 2740 820 2779 5,

78 2788 119 2818 12
152 2786 192 2819 in
222 2796 261 2820 eo
285 2795 359 2820 non
383 2795 572 2828 nunquam
601 2784 741 2818 variari
766 2784 820 2816 in-

75 2835 129 2866 ter
165 2842 221 2866 eos
252 2836 283 2866 et
315 2831 481 2867 dubitari
509 2831 659 2866 ridetur.
686 2851 728 2855 -
756 2831 820 2864 im-

895 1228 1177 1267 Leidenschaft.
1203 1230 1329 1273 Hitze,
1355 1231 1408 1264 im
1434 1230 1643 1275 Gegensatz

895 1288 958 1310 zm·
982 1275 1137 1321 ruhigen
1166 1276 1439 1322 Ueberlegung,
1467 1282 1498 1320 7,
1520 1282 1575 1320 39,
1598 1283 1642 1313 16

898 1325 1029 1368 impetn
1050 1325 1167 1368 maqis
1186 1336 1294 1368 quam
1314 1326 1475 1360 consilio.
1520 1330 1576 1369 42,
1597 1329 1642 1360 29

897 1375 951 1405 11.
1003 1371 1048 1405 ab
1077 1372 1134 1405 ira
1166 1375 1199 1405 et
1222 1372 1358 1416 impetn
1390 1376 1422 1415 3,
1455 1377 1512 1416 53,
1546 1378 1576 1407 1.
1609 1377 1642 1415 8,

897 1423 929 1461 6,
957 1422 988 1452 7.
1041 1419 1174 1463 impetu
1198 1420 1276 1453 irae
1296 1423 1352 1460 36,
1374 1423 1430 1461 29,
1453 1424 1482 1454 1.
1505 1440 1549 1444 -
1570 1431 1642 1454 cer-

895 1466 1046 1510 tatione,
1084 1477 1154 1500 nur
1189 1466 1288 1501 noch
1319 1470 1376 1510 25,
1408 1472 1441 1510 4,
1469 1471 1489 1502 8
1514 1467 1553 1501 in
1579 1479 1642 1502 an-

895 1512 1021 1548 derem
1048 1512 1171 1548 Sinne.

943 1564 975 1595 3.
1019 1563 1178 1603 tantam,
1228 1573 1310 1596 nur
1360 1572 1399 1596 so
1442 1572 1557 1606 gross.
1597 1582 1641 1586 —

895 1608 1060 1652 quisque,
1095 1619 1121 1643 S.
1158 1619 1201 1642 zu
1234 1619 1264 1642 c.
1287 1612 1319 1651 7,
1348 1613 1377 1642 1.
1406 1628 1450 1633 -
1476 1610 1580 1651 dum,
1613 1621 1640 1644 s.

896 1666 940 1688 zu
982 1655 1098 1699 praef.
1143 1658 1176 1690 2.
1234 1655 1286 1689 Zn
1329 1667 1480 1690 unserer
1525 1656 1642 1690 Stelle

896 1701 970 1746 vgl.
1004 1706 1061 1744 45,
1095 1705 1127 1745 9,
1155 1705 1174 1735 7
1209 1702 1456 1737 Macedonum
1494 1714 1640 1748 requam

895 1776 902 1782 .
926 1776 932 1782 .
955 1777 961 1783 .
983 1749 1198 1783 distractum
1219 1750 1258 1783 in
1276 1750 1391 1784 multa
1413 1760 1535 1794 reyna,
1555 1750 1642 1784 dum

895 1796 944 1830 ad
962 1806 997 1830 se
1015 1797 1165 1840 quisque
1183 1807 1265 1840 opes
1283 1797 1448 1841 rapiunt,
1475 1797 1644 1832 laceratis

894 1843 1034 1878 viribus
1067 1870 1074 1877 .
1103 1870 1110 1877 .
1133 1871 1140 1877 .
1166 1844 1272 1877 stetit.
1300 1864 1344 1868 —
1372 1845 1411 1877 in
1438 1844 1571 1887 medio,
1604 1856 1642 1879 es

895 1889 989 1934 gebe
1027 1889 1136 1925 keine
1173 1890 1358 1925 zwisehen
1395 1890 1466 1926 deu
1507 1891 1642 1926 beiden

894 1936 1069 1971 Parteien
1084 1938 1122 1971 in
1136 1937 1202 1971 der
1214 1937 1322 1972 Mitte
1343 1938 1533 1981 stehende,
1553 1950 1643 1973 neu-

894 1984 1008 2028 trale,
1040 1985 1107 2019 das
1134 1984 1430 2029 Gleiohgewieht
1464 1985 1530 2020 der
1555 1986 1642 2021 Par-

892 2031 993 2066 teien
1012 2031 1262 2067 herstellende
1282 2032 1411 2067 Macht:
1429 2033 1535 2067 mehr
1555 2033 1642 2077 (den

895 2078 1032 2122 Staat);
1077 2090 1164 2113 man
1208 2079 1319 2114 suche
1363 2079 1434 2114 den
1479 2080 1645 2115 Schwer-

893 2126 1015 2171 punkt
1052 2126 1116 2161 des
1149 2126 1443 2161 Gemeinwesens
1482 2139 1526 2161 zu
1560 2139 1641 2162 ver-

892 2173 1043 2213 rficken‚
1052 2174 1178 2208 indem
1188 2173 1375 2208 Tribunen
1381 2174 1458 2208 und
1466 2173 1642 2219 Consuln,

889 2220 996 2265 jeder
1020 2221 1079 2255 die
1105 2232 1243 2265 ganze
1262 2220 1390 2256 Macht
1415 2232 1463 2256 an
1488 2221 1568 2256 sich
1595 2234 1640 2256 zu

892 2267 1029 2302 reissen
1079 2267 1262 2310 strebten3
1312 2279 1352 2303 so
1400 2269 1523 2303 werde
1573 2269 1639 2303 das

894 2313 1190 2360 Gleiehgewicht
1226 2315 1462 2360 aufgehoben
1499 2316 1575 2350 und
1599 2316 1640 2351 in

894 2361 1021 2396 diesen
1053 2362 1239 2406 Kampfen
1277 2374 1339 2396 um
1371 2362 1431 2397 die
1462 2362 1640 2408 alleim'ge

892 2408 1020 2443 Macht
1050 2408 1103 2443 im
1130 2409 1258 2444 Staate
1293 2409 1358 2444 der
1384 2409 1492 2444 Staat
1523 2410 1642 2444 selbst

893 2456 1068 2490 zen-issen
1094 2456 1169 2490 und
1189 2456 1424 2490 zerstfickelt.
1474 2456 1549 2491 Der
1568 2456 1639 2491 Ge-

893 2502 1015 2536 danke
1058 2502 1108 2537 ist
1143 2502 1399 2537 Reminiscenz
1444 2514 1509 2537 aus
1549 2503 1638 2538 Sall.

893 2549 972 2594 Ing.
984 2553 1041 2592 41,
1054 2553 1074 2583 5
1089 2549 1160 2584 sibe·
1172 2551 1321 2594 quisque
1334 2550 1473 2591 ducere,
1487 2550 1639 2593 trahere,

895 2606 1029 2640 rapere.
1081 2596 1146 2630 Ita
1172 2598 1293 2630 omnia
1322 2598 1360 2630 in
1391 2597 1485 2631 ‹lua-s
1512 2602 1640 2641 partes

893 2643 1076 2677 abstracta
1114 2647 1215 2686 sunt,
1254 2654 1310 2678 res
1340 2643 1510 2687 publiea,
1547 2655 1640 2688 quae

893 2689 1011 2724 media
1041 2690 1181 2733 fuerat,
1206 2691 1406 2724 dilacerata
1434 2690 1636 2736 [Anhang]

895 2756 938 2761 -
959 2737 1105 2771 lacerat.
1119 2765 1126 2779 ,
1153 2737 1219 2771 das
1240 2736 1410 2781 Compos.
1437 2738 1638 2772 delacerare

894 2783 1010 2827 (Sall,
1038 2783 1192 2818 Dichter
1215 2784 1291 2818 und
1318 2784 1433 2828 Spar.)
1459 2784 1575 2820 kennt
1595 2786 1638 2820 L.

894 2830 983 2874 (und
1008 2830 1108 2865 wohl
1132 2831 1227 2866 auch
1254 2830 1342 2874 Cic.)
1366 2831 1481 2868 nieht.

1672 361 1716 392 16

1670 597 1689 628 w
