1799 3105
77 89 101 109 a.
123 82 190 109 Chr.
209 89 237 107 n.
258 83 319 107 446.
624 71 769 107 LIBER
792 69 854 107 111.
899 70 999 107 CAP.
1028 75 1084 107 68.

1556 74 1636 115 111

74 181 175 224 urbs
215 180 451 234 obsidetur,
490 181 592 224 belli
630 181 768 237 gloria
805 194 937 235 penes
974 179 1122 222 hostes
1162 184 1238 221 est.
1301 180 1401 236 quid
1433 181 1638 225 tandem?

75 240 270 295 privatae
306 254 375 282 res
406 243 573 282 vestrae
613 254 697 296 quo
736 242 851 282 statu
889 239 1017 281 sunt?
1055 240 1141 282 iam
1178 240 1406 295 unicuique
1439 255 1489 282 ex
1521 242 1637 296 agris

73 314 150 342 sua
194 298 350 342 damna
392 300 720 342 nuntiabuntur.
783 299 884 354 quid
928 301 994 340 est
1034 299 1209 341 tandem
1256 299 1388 353 domi,
1432 300 1544 342 unde
1588 315 1638 343 ea

72 358 310 413 expleatis?
353 359 519 401 tribuni
555 359 677 401 vobis
717 359 876 400 amissa
913 358 1091 400 reddent
1130 373 1178 400 ac
1219 358 1477 401 restituent?
1520 360 1636 402 vocis
1663 373 1685 404 4

71 417 383 473 verborumque
425 421 633 474 quantum
669 418 823 460 voletis
862 417 1064 473 ingerent
1101 420 1143 459 et
1180 418 1406 460 criminum
1443 418 1490 460 in
1521 419 1636 473 prin-

71 477 186 532 cipes
219 480 262 519 et
292 478 437 533 legum
470 478 650 520 aliarum
685 491 812 531 super
845 476 952 518 alias
985 480 1027 519 et
1058 478 1323 530 contionum,
1363 478 1437 520 sed
1469 492 1519 519 ex
1550 478 1636 521 illis

71 537 344 579 contionibus
382 551 617 591 numquam
655 540 844 578 vestrum
883 536 1109 591 quisquam
1146 551 1209 591 re,
1249 536 1424 579 fortuna
1461 537 1636 580 domum

71 596 235 638 auctior
265 596 403 638 rediit.
466 596 610 651 ecquis
649 596 818 637 rettulit
855 595 1018 649 aliquid
1051 595 1106 636 ad
1137 596 1363 651 coniugem
1396 611 1444 639 ac
1476 597 1634 640 liberos
1661 609 1681 641 5

68 658 240 709 praeter
278 655 393 709 odia,
432 655 708 705 offensiones,
747 654 988 696 simultates
1026 655 1222 709 publicas
1261 656 1565 712 privatasque?
1611 672 1636 698 a

70 714 225 768 quibus
265 729 432 769 semper
468 729 556 756 non
593 717 740 756 vestra
777 714 935 756 virtute
972 714 1320 769 innocentiaque,
1360 716 1433 757 sed
1473 716 1632 758 auxilio

69 773 212 815 alieno
244 767 468 816 tuti'sitis.
530 776 576 816 at
606 774 801 816 hercules
834 788 930 816 cum
963 773 1179 828 stipendia
1214 775 1341 816 nobis
1374 775 1633 829 consulibus,
1659 788 1680 820 6

66 847 153 875 non
185 833 371 874 tribunis
404 833 582 875 ducibus
621 836 665 875 et
695 834 740 874 in
772 833 945 888 castris,
987 847 1075 874 non
1106 834 1151 874 in
1181 833 1276 875 foro
1310 833 1552 889 faciebatis,
1590 838 1632 876 et

62 892 109 933 in
141 893 229 934 acie
261 895 452 934 vestrum
485 894 717 935 clamorem
751 893 915 946 hostes,
945 907 1032 934 non
1063 893 1109 934 in
1139 893 1341 935 contione
1372 896 1519 948 patres
1546 893 1632 936 Ro-

64 952 183 993 mani
214 951 462 1007 horrebant,
492 953 653 1008 praeda
682 955 824 1007 parta,
857 966 960 1008 agro
990 966 1041 993 ex
1070 952 1197 994 hoste
1223 954 1368 1007 capto,
1399 953 1515 1007 pleni
1548 953 1632 995 for-

63 1013 266 1053 tunarum
294 1012 541 1067 gloriaeque
564 1012 693 1054 simul
719 1012 913 1066 publicae
941 1011 1070 1053 simul
1094 1011 1288 1067 privatae
1314 1012 1629 1067 triumphantes

65 1070 239 1112 domum
277 1070 330 1112 ad
367 1075 546 1125 penates
582 1071 806 1126 redibatis3
843 1085 957 1113 nunc
995 1074 1219 1113 oneratum
1256 1072 1413 1114 vestris
1444 1072 1629 1114 fortunjs

62 1129 234 1172 hostem
267 1130 385 1171 abire
419 1131 571 1172 sinitis.
625 1130 797 1172 haerete
830 1130 959 1172 adfixi
990 1130 1265 1172 contionibus
1299 1133 1341 1172 et
1373 1131 1418 1172 in
1443 1131 1537 1174 foro
1570 1132 1629 1173 vi·
1657 1146 1676 1177 7

63 1189 169 1243 vite3
214 1192 414 1244 sequetur
453 1205 528 1232 vos
564 1190 799 1232 necessitas
837 1189 1069 1244 militandi,
1108 1204 1236 1245 quam
1273 1190 1437 1245 fugitis.
1498 1205 1630 1246 grave

64 1250 158 1289 erat
188 1248 234 1289 in
265 1248 438 1304 Aequos
472 1252 514 1291 et
545 1249 728 1291 Volscos
759 1249 993 1304 proficisci3
1033 1251 1132 1291 ante
1163 1252 1312 1304 portas
1351 1253 1417 1292 est
1453 1250 1630 1292 bellum.

64 1307 101 1349 si
132 1307 233 1349 inde
264 1322 352 1350 non
383 1309 572 1363 pellitur,
603 1310 689 1351 iam
720 1309 835 1350 intra
865 1309 1037 1350 moenia
1068 1309 1150 1350 erit
1182 1311 1225 1350 et
1257 1323 1399 1351 arcem
1432 1313 1474 1351 et
1503 1307 1630 1364 Capi·

63 1366 220 1408 tolium
253 1368 431 1410 scandet
462 1371 505 1410 et
535 1368 579 1409 in
613 1368 762 1411 domos
795 1371 961 1410 vestras
994 1382 1070 1410 vos
1101 1372 1393 1423 persequetur.
1456 1369 1629 1411 biennio
1657 1382 1676 1414 8

66 1428 166 1468 ante
204 1429 377 1469 senatus
417 1428 622 1470 dilectum
658 1427 809 1469 haberi
842 1430 885 1469 et
917 1427 1037 1470 educi
1074 1428 1307 1469 exercitum
1345 1428 1391 1470 in
1423 1427 1631 1484 Algidum

63 1485 211 1541 iussit3
250 1486 444 1529 sedemus
485 1487 651 1530 desides
691 1487 826 1542 domi,
862 1487 1091 1529 mulierum
1130 1488 1218 1528 ritu
1248 1488 1364 1530 inter
1394 1502 1472 1530 nos
1506 1488 1632 1530 alter-

64 1548 227 1600 cantes,
271 1547 488 1600 praesenti
525 1562 630 1602 paee
668 1547 772 1588 laeti
809 1561 887 1589 nee
924 1549 1145 1589 cernentes
1185 1561 1236 1588 ex
1275 1547 1365 1589 otio
1401 1547 1476 1589 illo
1513 1548 1633 1590 brevi

64 1604 292 1660 multiplex
328 1606 489 1648 bellum
526 1607 776 1649 rediturum.
831 1606 899 1648 his
938 1620 1017 1661 ego
1051 1606 1244 1662 gratiora
1276 1607 1390 1649 dictu
1422 1607 1506 1648 alia
1538 1622 1631 1649 esse
1657 1621 1677 1652 9

113 1768 202 1812 quid
240 1757 401 1814 tamdem]
441 1768 712 1814 Widerlegung
749 1769 812 1804 des

935 1773 966 1804 6.
999 1770 1198 1815 stipendia]
1233 1769 1302 1804 Die
1328 1770 1537 1806 Redensart
1566 1772 1631 1807 sti-

65 1813 250 1850 Einwurfs
281 1815 319 1849 in
352 1815 416 1850 der
451 1815 563 1851 Form
600 1817 700 1851 einer
731 1827 812 1852 ver—

884 1818 1023 1862 pendia
1046 1817 1164 1860 facere
1195 1815 1291 1862 passt
1324 1817 1529 1863 eigentlich
1556 1820 1633 1854 erst

65 1862 283 1898 wunderten
315 1862 452 1908 Frage,
489 1863 581 1899 ‘was
615 1864 731 1899 denkt
755 1864 814 1898 ihr

65 1910 163 1945 denn
189 1910 324 1945 auch?'

115 1980 186 2014 quo
210 1969 325 2014 statu]
354 1969 491 2004 ebenso
518 1969 577 2013 22,
594 1973 650 2014 22,
668 1974 726 2012 103
753 1970 814 2013 26,

67 2019 132 2061 28,
161 2021 197 2060 1;
224 2016 293 2060 30,
320 2019 382 2059 38,
411 2021 450 2058 63
486 2016 575 2052 aber
606 2019 648 2053 in
672 2019 814 2053 meliore

67 2067 168 2099 statu
192 2064 252 2108 29,
280 2067 312 2107 8,
339 2068 361 2099 4
386 2077 421 2099 11.
448 2064 508 2109 3ῗ,
537 2069 593 2108 53,
620 2069 651 2109 6,
686 2067 726 2100 in
750 2066 815 2100 hoc

68 2115 168 2147 statu
193 2112 254 2157 26,
281 2115 313 2156 5,
342 2115 359 2146 1
386 2125 420 2148 11.
449 2111 508 2157 38,
536 2116 570 2156 5,
598 2117 629 2147 6.

114 2175 147 2205 4.
174 2172 270 2206 vocis
295 2172 568 2218 verborumque]
596 2171 713 2207 ε116116
738 2172 815 2207 und

67 2218 230 2263 Worte’,
248 2219 328 2254 eine
344 2218 638 2255 allitterierende
651 2220 814 2256 Redens-

67 2267 135 2300 art.
161 2265 227 2301 Ov.
247 2276 306 2301 ars
327 2277 398 2300 am.
420 2270 451 2310 1,
473 2270 544 2302 574
568 2278 672 2312 saepe
694 2271 816 2303 tacens

67 2322 186 2347 vocem
209 2314 385 2358 verbaque
408 2315 530 2349 vultus
553 2315 677 2357 habet‚·
703 2315 812 2361 Verg.

66 2358 160 2395 Aen.
187 2363 227 2404 4,
253 2363 322 2394 460
349 2371 447 2397 voces
472 2365 505 2396 et
528 2363 647 2397 verba.

115 2430 171 2462 re,
202 2419 356 2462 fortuna
388 2420 548 2465 auctior]
585 2420 742 2456 ‘reicher
767 2433 815 2457 an

68 2466 254 2549 {Quum
281 2466 383 2509 Gut’,
420 2467 669 2503 rhetorisches
694 2469 814 2513 Asyn-

117 2576 148 2609 5.
177 2584 201 2608 a
225 2573 357 2618 quibus
384 2601 390 2607 .
413 2602 420 2609 .
443 2601 450 2609 .
475 2573 573 2620 sitis]
613 2573 815 2609 ironischer

69 2618 256 2655 Finalsatz
288 2620 440 2662 (‘damit
471 2620 573 2664 ihr’),
611 2633 673 2655 11111
705 2632 814 2656 anzu-

69 2667 218 2712 deuten,
239 2666 313 2702 dass
335 2668 394 2704 die
415 2668 587 2713 Plebejer
607 2668 666 2703 die
681 2669 813 2704 Feind-

69 2715 239 2750 schaften
273 2715 339 2751 auf
369 2715 448 2751 sich
480 2717 658 2759 nehmen,
689 2716 815 2751 indem

71 2761 124 2797 sie
157 2761 254 2798 doch
285 2763 437 2806 wissen,
471 2761 546 2798 dass
578 2763 629 2797 sie
660 2776 729 2798 nur
753 2762 815 2799 bei

72 2809 144 2844 den
170 2809 355 2846 Tribunen
376 2811 511 2846 Schutz
538 2821 657 2856 gegen
683 2811 814 2847 diesel-

73 2856 146 2891 ben
171 2857 304 2893 finden.

887 1864 954 1899 auf
971 1866 1117 1909 spatere
1139 1864 1277 1900 Zeiten.
1316 1865 1381 1899 Bis
1401 1869 1471 1901 406
1498 1865 1632 1901 erhielt

887 1913 952 1947 das
961 1912 1184 1957 Kriegsvolk
1195 1912 1330 1947 keinen
1340 1912 1429 1947 Sold
1439 1912 1488 1958 (4,
1499 1917 1577 1956 59‚1
1585 1917 1629 1957 1).

934 1959 1054 2006 nobis]
1071 1959 1150 1994 Scit
1164 1959 1241 1994 drei
1254 1959 1276 1994 J
1279 1959 1392 1995 ahren
1406 1960 1513 2005 (Kap.
1529 1965 1584 2004 63,
1594 1962 1630 2005 5)

889 2019 964 2042 war
1002 2006 1090 2041 kein
1121 2006 1235 2052 Krieg
1274 2008 1425 2052 gefi'ihrt
1462 2009 1629 2051 worden,

889 2054 1081 2097 Quinctius
1106 2054 1219 2100 spielt
1244 2055 1311 2090 auf
1334 2055 1433 2091 seine
1456 2055 1632 2091 frfiheren

887 2102 1092 2138 Konsulate
1118 2113 1176 2137 an.

937 2154 967 2185 7.
994 2150 1131 2185 haerete
1150 2150 1285 2196 adfioei]
1315 2149 1436 2185 ‘klebt
1455 2162 1533 2194 nur,
1561 2151 1630 2186 wie

888 2197 1128 2243 angenagelt’
1135 2225 1142 2240 ,
1150 2197 1334 2232 ironische
1343 2198 1629 2244 Aufforderung.

933 2244 1115 2291 sequetur]
1164 2244 1223 2279 An
1272 2244 1381 2280 einen
1426 2245 1630 2291 Imperativ

889 2290 1053 2327 schliesst
1080 2293 1160 2327 sich
1184 2292 1224 2327 in
1242 2292 1371 2328 Reden
1391 2293 1446 2329 oft
1465 2293 1526 2329 ein
1546 2294 1631 2328 Satz

887 2340 939 2375 im
964 2340 1092 2382 Futur,
1122 2351 1185 2374 um
1211 2340 1444 2386 anzugeben,
1471 2341 1630 2377 welches

888 2387 947 2422 die
979 2387 1110 2432 Folge,
1131 2387 1209 2422 36111
1246 2388 1385 2432 werde,
1424 2399 1532 2423 wenn
1563 2388 1629 2423 das

886 2434 1090 2470 Befohlene
1108 2434 1302 2480 geschehe.
1329 2435 1412 2470 Wir
1426 2435 1630 2471 verbinden

887 2483 946 2517 die
962 2482 1070 2516 S'atze
1090 2482 1159 2516 mit
1177 2482 1281 2523 und;
1302 2481 1354 2517 im
1368 2481 1630 2518 Lateinisehen

888 2529 972 2564 darf
990 2530 1062 2563 iam
1076 2529 1152 2564 und
1166 2532 1241 2564 tum
1256 2529 1398 2573 stehen,
1418 2530 1507 2566 aber
1520 2530 1630 2565 keine

887 2576 1152 2620 Konjunktion.

934 2623 1098 2669 scandet]
1145 2623 1303 2668 Subjekt
1343 2624 1436 2658 dazu
1473 2624 1523 2658 ist
1560 2625 1630 2660 bel-

888 2671 981 2714 lum5
1001 2670 1080 2705 also
1100 2671 1372 2715 poetisierende
1389 2671 1546 2707 Diktion
1565 2672 1629 2707 des

887 2718 1063 2752 Redners.

935 2769 967 2801 8.
983 2765 1128 2800 biennio
1141 2765 1241 2811 ante]
1257 2765 1342 2810 Vgl.
1357 2778 1402 2801 zu
1414 2765 1506 2812 Kap.
1524 2770 1579 2810 66,
1590 2770 1628 2811 33

888 2813 984 2848 auch
1010 2823 1108 2848 anno
1133 2816 1215 2847 ante
1241 2817 1297 2857 51,
1321 2817 1374 2848 12.

935 2860 1153 2906 rediturum]
1179 2861 1384 2905 entstehen‚
1406 2861 1628 2897 erwachsen.
