1799 3105
143 77 199 119 62
696 77 840 112 LIBER
864 77 924 113 111.
963 78 1064 114 CAP.
1091 83 1146 115 36.
1497 98 1522 116 a.
1543 98 1570 116 u.
1590 98 1614 116 0.
1634 92 1698 118 304.

95 197 115 227 5
260 186 416 228 Decem
460 201 608 241 regum
653 186 814 241 species
859 189 951 228 erat
994 187 1388 243 multiplicatusque
1428 191 1568 230 terror
1606 204 1694 232 non

142 246 299 287 infimis
333 247 490 299 solum,
529 246 600 286 sed
632 246 892 299 primoribus
923 249 1093 300 patrum
1132 248 1236 288 ratis
1269 248 1409 290 caedis
1442 262 1613 290 causam
1645 263 1695 290 ac

142 306 396 360 principium
436 305 599 359 quaeri,
637 309 702 359 ut,
741 305 775 346 si
809 305 904 359 quis
936 319 1165 347 memorem
1197 306 1410 348 libertatis
1441 321 1588 349 vocem
1621 312 1698 349 aut

142 365 188 406 in
227 369 377 406 senatu
416 367 490 404 aut
527 364 570 404 in
608 364 767 418 populo
810 364 1016 417 misisset,
1061 365 1208 406 statim
1252 365 1399 420 virgae
1443 380 1698 421 securesque

96 435 115 465 6
143 424 271 466 etiam
315 423 364 464 ad
409 426 646 464 ceterorum
688 426 848 464 metum
891 423 1200 477 expedirentur.
1260 439 1360 465 nam
1397 429 1698 480 praeterquam

143 483 255 538 quod
288 483 331 523 in
358 482 517 536 populo
544 482 653 523 nihil
680 486 770 524 erat
794 482 996 536 praesidii
1024 483 1194 524 sublata
1219 483 1538 538 provocatione,
1568 484 1698 525 inter-

143 542 377 584 cessionem
404 555 570 595 quoque
597 556 807 583 consensu
834 541 1111 595 sustulerant,
1143 556 1239 583 cum
1271 543 1436 597 priores
1467 543 1696 585 decemviri

142 601 429 655 appellatione
457 601 643 654 collegae
670 601 826 655 corrigi
850 601 1018 642 reddita
1038 601 1091 642 ab
1113 615 1157 642 se
1176 601 1270 642 iura
1288 602 1487 644 tulissent
1509 605 1551 643 et
1570 616 1696 656 quae-

142 660 257 714 dam,
296 674 403 713 quae
436 660 501 701 sui
533 660 676 701 iudicii
709 660 844 701 videri
875 664 1069 714 possent,
1111 660 1162 701 ad
1194 662 1401 714 populum
1437 661 1698 703 reiecissent.

95 729 112 760 7
260 719 539 773 Aliquamdiu
583 722 790 773 aequatus
834 720 946 761 inter
986 734 1132 761 omnes
1169 722 1308 761 terror
1345 720 1444 775 fuit3
1486 720 1696 774 paulatim

141 781 258 820 totus
298 781 462 820 vertere
500 778 545 820 in
581 778 749 833 plebem
788 778 940 832 coepit.
1001 779 1298 820 abstinebatur
1336 794 1361 820 a
1397 779 1610 834 patribus,
1650 779 1697 820 in

140 837 391 879 humiliores
434 837 676 879 lubidinose
727 837 1037 891 crudeliterque
1087 838 1399 879 consulebatur.
1460 837 1697 904 hominum,

137 911 224 938 non
257 911 482 938 causarum
513 897 595 938 toti
621 901 758 950 erant,
790 899 838 938 ut
864 897 975 951 apud
1002 911 1106 952 quos
1134 898 1273 951 gratia
1298 897 1385 938 vim
1412 897 1535 951 aequi
1565 897 1695 938 habe-

89 968 109 997 S
136 960 211 998 ret
275 956 430 997 iudicia
468 956 583 997 domi
616 956 878 1014 conflabant,
916 956 1257 1009 pronuntiabant
1288 956 1335 997 in
1365 956 1472 998 foro.
1533 956 1569 997 si
1601 956 1695 1010 quis

135 1015 345 1070 collegam
379 1015 655 1069 appellasset,
687 1016 740 1057 ab
774 1030 843 1067 eo,
876 1015 928 1056 ad
961 1029 1085 1069 quem
1118 1018 1309 1065 venerat,
1346 1014 1408 1056 ita
1439 1014 1697 1069 discedebat,

87 1086 106 1116 9
134 1078 181 1115 ut
212 1074 450 1128 paeniteret
487 1089 574 1116 non
611 1074 768 1135 prioris
808 1075 977 1116 decreto
1017 1074 1194 1115 stetisse.
1257 1074 1401 1128 opinio
1440 1074 1569 1115 etiam
1607 1073 1698 1115 sine

135 1139 307 1175 auctore
341 1133 502 1174 exierat
533 1148 620 1175 non
652 1134 697 1175 in
728 1124 963 1188 praesentis
996 1133 1122 1175 modo
1154 1134 1360 1199 temporis
1387 1147 1459 1174 eos
1491 1132 1694 1174 iniuriam

134 1193 420 1247 conspirasse,
458 1193 530 1234 sed
568 1193 719 1234 foedus
760 1193 1071 1234 clandestinum
1104 1192 1216 1233 inter
1247 1193 1363 1247 ipsos
1394 1192 1484 1233 iure
1514 1191 1697 1233 iurando

135 1253 280 1304 ictum,
305 1266 359 1293 ne
385 1251 559 1293 comitia
585 1252 795 1293 haberent
821 1255 1111 1307 perpetuoque
1138 1251 1426 1293 decemviratu
1450 1265 1696 1306 possessum

138 1311 266 1352 semel
300 1311 545 1352 obtinerent
575 1311 812 1366 imperium.

136 1438 459 1475 Gerichtsbarkeit
478 1438 542 1473 ist:
569 1439 602 1481 2,
617 1443 650 1481 5,
666 1443 686 1474 8
707 1440 877 1484 (lictores)

135 1487 293 1522 nudatos
341 1487 454 1531 viryis
497 1487 653 1521 caedunt
695 1487 879 1532 securique

135 1535 283 1577 feriunt.

184 1591 214 1622 5.
260 1588 302 1621 in
333 1587 487 1632 populo]
528 1587 566 1621 in
604 1586 705 1622 einer
742 1586 879 1623 Kontio

137 1635 225 1679 (vgl.
253 1634 344 1678 Kap.
372 1639 429 1679 41,
457 1639 503 1678 1).

185 1699 214 1728 6.
242 1693 480 1739 sustulerant]
509 1693 624 1728 durch
651 1694 716 1728 das
741 1693 792 1728 im
818 1697 837 1736 ξ
857 1697 878 1728 8

139 1741 387 1786 geschilderte
420 1740 636 1775 Verfahren.
688 1741 762 1776 Der
796 1741 880 1776 Satz

135 1800 221 1823 nam
245 1816 251 1822 .
268 1816 274 1822 .
291 1815 297 1821 .
318 1789 540 1823 sustulerant
559 1788 609 1823 ist
628 1788 881 1833 Begrfindung

136 1848 218 1870 zum
244 1835 395 1880 Ansang
427 1836 490 1870 des
519 1840 538 1878 ξ
565 1840 584 1870 5
611 1836 725 1871 decem
757 1847 881 1880 reyum

952 1438 1012 1473 die
1032 1438 1151 1474 Gunst
1176 1450 1223 1474 an
1250 1438 1311 1473 die
1332 1437 1447 1473 Stelle
1475 1438 1540 1472 der
1563 1436 1694 1482 Billig-

951 1486 1031 1520 keit
1055 1487 1158 1520 trat’.
1205 1489 1246 1521 ut
1270 1486 1354 1530 qui,
1380 1485 1440 1520 bei
1466 1483 1592 1519 Cicero
1618 1484 1695 1518 und

952 1533 1065 1568 Cesar
1105 1534 1188 1568 sehr
1220 1533 1356 1576 selten,
1393 1532 1599 1577 gebraucht
1636 1531 1696 1565 Li-

951 1580 1033 1615 vius
1059 1592 1132 1615 von
1157 1581 1255 1615 allen
1274 1582 1439 1615 Antoren
1467 1591 1528 1613 am
1552 1578 1696 1623 haufig-

952 1631 1035 1662 sten
1056 1628 1182 1672 (n'aml.
1204 1639 1251 1662 311
1272 1631 1315 1662 18
1330 1626 1483 1666 Stellen)
1506 1625 1581 1660 und
1601 1636 1698 1660 zwar

952 1674 1086 1709 immer
1110 1674 1181 1710 mit
1206 1675 1290 1710 dem
1315 1674 1557 1719 Konjunktiv.

1000 1737 1032 1769 8.
1059 1734 1171 1780 domi]
1198 1734 1251 1768 im
1278 1733 1493 1778 geheimen,
1519 1731 1695 1766 w'ahrend

951 1781 1077 1816 bisher
1101 1782 1174 1815 alle
1198 1781 1477 1815 Rechtssachen
1502 1778 1694 1815 offentlich

952 1829 1175 1863 verbandelt
1199 1828 1349 1863 worden
1374 1837 1508 1862 waren.

136 1884 268 1928 species
293 1887 371 1918 erat
395 1884 727 1928 multiplicatusque
752 1887 878 1919 terror.

181 1937 336 1981 priores]
365 1935 448 1981 Vgl.
474 1935 567 1980 Kap.
596 1939 652 1981 34,
679 1940 710 1971 8.

187 1988 353 2034 collegae]
382 1988 566 2032 Sffigular,
593 1987 678 2023 weil
703 1988 768 2023 der
788 1987 878 2023 Sinn

137 2036 202 2070 ist:
236 2047 315 2070 cum
340 2037 484 2080 priores
515 2036 704 2070 decemviri
734 2037 879 2070 reddita

137 2084 182 2118 ab
196 2094 231 2117 se
244 2084 393 2128 quisque
406 2084 491 2118 iura
505 2083 748 2127 appellatione
767 2084 878 2118 unius

137 2142 180 2164 ex
206 2131 348 2175 colleyis
373 2131 508 2174 corriyi
529 2130 635 2174 passi
659 2133 781 2165 essent.

184 2193 275 2227 quae
301 2210 308 2217 .
331 2210 338 2217 .
360 2210 367 2217 .
389 2182 550 2228 possent]
580 2181 843 2227 Einraumung.

187 2245 218 2276 7.
246 2241 334 2287 fuit]
360 2241 444 2286 Vgl.
473 2253 517 2275 zu
542 2240 634 2285 Kap.
661 2244 717 2284 26,
746 2245 800 2275 11.

185 2288 333 2334 vertere]
355 2287 567 2323 intransitiv
583 2287 679 2322 ‘sich
694 2289 878 2332 wenden',

137 2336 208 2370 wie
234 2336 326 2380 Kap.
353 2340 410 2379 26,
437 2340 457 2370 9
484 2348 517 2370 11.
546 2334 610 2370 oft.

187 2383 436 2418 abstinebatur
456 2395 479 2418 a
492 2382 680 2428 patribus]
701 2399 744 2411 =
763 2384 879 2426 patri-

140 2431 207 2465 ciis
227 2431 459 2475 parcebatur.

187 2478 405 2524 lubidinose]

140 2623 238 2708 ΐ4,)1
259 2631 292 2654 u.
314 2620 368 2654 oft
393 2620 564 2661 libidine;
589 2618 625 2662 5,
646 2622 702 2662 51,
723 2623 743 2653 2
770 2619 881 2653 liben-

156 2678 192 2700 er

187 2715 254 2748 toti
261 2714 382 2759 erant]
396 2713 448 2748 sie
456 2714 634 2758 gehorten
644 2724 738 2757 ganz
745 2713 844 2804 (1((1Ι1ξξι
825 2733 879 2756 -,

845 2772 879 2804 p.

141 2760 174 2793 d.
196 2761 232 2794 h.
260 2760 600 2805 beriicksichtigten
621 2761 680 2794 (116
703 2780 745 2785 -

141 2809 197 2847 38,
229 2812 287 2849 11;
315 2811 371 2851 59,
397 2812 435 2848 4;
462 2807 522 2850 23,
552 2812 606 2849 14,
635 2809 678 2848 7).

190 2858 229 2887 ut
244 2856 344 2897 apud
358 2865 444 2898 quos
459 2854 545 2900 eta]
564 2854 628 2889 ‘da
642 2853 684 2898 ja
698 2853 757 2889 bei
770 2853 881 2888 ihnen

459 2477 728 2511 ‘willkfirlich’
776 2477 879 2520 (Sall.

141 2524 219 2559 Cat.
248 2529 303 2568 51,
330 2526 400 2570 30),
433 2524 708 2560 altertfimliche
735 2523 880 2559 Neben-

139 2571 234 2606 form
267 2583 310 2606 zu
342 2573 533 2607 libidinose
569 2572 754 2616 (dagegen
786 2571 880 2616 Kap.

1000 1888 1230 1933 appellasset]
1276 1886 1539 1923 Coniunctivus
1582 1885 1695 1920 itera-

951 1934 1051 1969 tivus
1079 1935 1168 1978 (vgl.
1195 1946 1239 1969 zu
1263 1934 1513 1979 Kap.11,2).
1550 1931 1697 1967 Ebenso

953 1982 1053 2016 steht
1072 1993 1111 2015 er
1131 1982 1227 2016 nach
1245 1983 1278 2016 si
1297 1981 1389 2026 Kap.
1409 1983 1524 2024 50,12
1540 1992 1574 2014 u.
1591 1982 1647 2022 63,
1662 1983 1694 2015 3.

952 2028 1131 2073 Dagegen
1164 2029 1217 2063 im
1247 2028 1478 2063 Relativsatz
1514 2027 1563 2062 ad
1594 2037 1696 2071 quem

951 2079 1096 2110 venerat
1132 2076 1182 2110 ist
1221 2075 1280 2110 die
1312 2073 1569 2120 gewbhnliche
1602 2074 1695 2107 Aus-

952 2123 1199 2158 drucksweise
1224 2122 1480 2158 beibehalten.

997 2186 1072 2211 non
1092 2203 1099 2210 .
1118 2204 1123 2211 .
1142 2203 1149 2210 .
1169 2175 1320 2222 stetisse]
1342 2172 1432 2209 τ(1311
1452 2185 1492 2208 61·
1511 2173 1616 2209 nicht
1633 2173 1694 2208 bei

952 2248 960 2256 .
978 2250 985 2257 .
1002 2251 1009 2258 .
1030 2223 1200 2258 verharrt
1226 2223 1290 2266 sei,
1318 2234 1355 2257 es
1374 2222 1470 2257 habe
1489 2220 1695 2256 bewenden

951 2269 1103 2305 lassen’.
1142 2269 1183 2304 In
1210 2270 1349 2304 diesem
1372 2269 1483 2304 Sinne
1508 2269 1576 2303 hat
1599 2271 1696 2303 stare

952 2317 1065 2352 meist
1090 2317 1162 2352 den
1187 2315 1327 2352 blossen
1346 2315 1499 2351 Ablativ
1526 2317 1570 2360 (z.
1590 2314 1631 2349 B.
1659 2314 1696 2357 9,

955 2369 1015 2408 11,
1043 2369 1062 2399 2
1099 2368 1164 2399 aut
1198 2365 1321 2399 omnia
1354 2364 1472 2399 inrita
1504 2363 1599 2406 facis
1631 2365 1697 2397 aut

946 2415 1058 2457 pacto
1077 2416 1164 2454 stas,
1185 2411 1240 2447 oft
1258 2411 1318 2446 bei
1340 2410 1493 2454 Cicero),
1514 2408 1695 2444 zuweilen

953 2461 1004 2494 in.
1054 2458 1121 2493 Bei
1153 2458 1232 2494 Liv.
1264 2459 1314 2494 ist
1349 2470 1387 2493 es
1419 2456 1531 2492 meist
1563 2467 1696 2500 unper—

954 2506 1140 2541 sonliches
1170 2506 1298 2541 Passiv
1336 2507 1378 2551 (z.
1405 2505 1444 2540 B.
1470 2504 1512 2547 9,
1539 2507 1577 2547 5,
1603 2505 1624 2536 5
1663 2503 1696 2536 si

947 2558 1059 2599 pacto
1083 2564 1158 2588 non
1182 2556 1364 2597 starem).

1003 2617 1034 2647 9.
1074 2611 1332 2658 perpetuoque]
1376 2610 1449 2645 Der
1487 2609 1695 2653 Gegensatz

954 2660 1006 2694 ist
1031 2659 1086 2694 als
1110 2659 1321 2703 Erklarung
1345 2657 1418 2692 und
1437 2656 1695 2700 Erweiterung

955 2707 1145 2751 angefi’igt.
1178 2706 1265 2740 Man
1285 2705 1457 2739 erwartet
1474 2703 1535 2738 sed
1553 2706 1594 2737 ut
1608 2714 1694 2747 p-er

948 2759 1080 2799 petuo;
1112 2764 1149 2788 es
1179 2752 1270 2797 geht
1294 2752 1384 2786 aber
1408 2749 1522 2785 sehon
1549 2749 1608 2785 ein
1608 2714 1694 2784 Psed

954 2801 1098 2835 vorher.

996 2852 1212 2898 possessum]
1240 2862 1311 2886 von
1334 2851 1491 2896 pos-sido.
