1799 3105
730 674 947 722 Periocha
983 674 1092 719 libri
1129 674 1161 720 Ι.

289 845 356 902 [Ιὸ.
397 845 617 886 Adventus
657 847 826 886 Aeneae
868 846 913 886 in
952 844 1117 886 Italiam
1155 846 1196 885 et
1231 858 1296 885 res
1335 846 1490 898 gestae.
1561 844 1723 884 Ascani

178 917 357 957 regnum
391 902 525 942 Albae
557 904 598 941 et
629 899 733 942 Silvi
765 904 806 942 et
837 901 1033 955 deinceps
1066 900 1305 942 Silviorum.
1365 899 1605 941 Numitoris
1639 899 1726 940 filia

180 974 204 1000 a
234 958 371 1000 Marte
403 971 642 1011 compressa
673 957 764 997 nati
795 956 999 997 Romulus
1031 959 1073 997 et
1102 955 1272 999 Remus.
1325 955 1520 997 Amulius
1552 955 1726 996 obtrun-

181 1018 310 1056 catus.
371 1014 470 1054 urbs
508 1027 531 1053 a
563 1012 742 1053 Romulo
773 1013 959 1054 condita.
1021 1014 1191 1053 senatus
1222 1012 1368 1053 lectus.
1431 1025 1524 1052 cum
1555 1010 1724 1053 Sabinis
1796 1061 1799 1064 Ι

181 1071 397 1111 bellatum.
459 1069 594 1122 spolia
627 1069 768 1122 opima
798 1068 987 1110 Feretrio
1020 1068 1111 1109 Iovi
1142 1068 1240 1108 lata.
1301 1068 1343 1108 in
1377 1068 1512 1109 curias
1544 1067 1724 1121 populus

178 1126 349 1168 divisus.
397 1125 633 1175 Fidenates,
659 1124 861 1166 Veientes
887 1125 999 1166 victi.
1040 1124 1245 1165 Romulus
1268 1127 1548 1165 consecratus.
1583 1122 1725 1164 Numa

179 1181 414 1236 Pompilius
451 1181 557 1221 ritus
598 1194 814 1222 sacrorum
844 1181 1029 1224 tradidit.
1091 1183 1212 1235 porta
1243 1179 1337 1221 Iani
1368 1180 1517 1221 clausa.
1578 1178 1724 1220 Tullus

177 1238 387 1279 Hostilius
419 1237 612 1278 Albanos
644 1237 828 1290 diripuit.
877 1237 1201 1291 trigeminorum
1232 1250 1388 1291 pugna.
1429 1235 1553 1276 Metti
1583 1234 1726 1276 Fufeti

178 1294 444 1348 supplicium.
506 1292 652 1333 Tullus
692 1293 870 1333 fulmine
911 1296 1199 1346 consumptus.
1259 1293 1403 1333 Ancus
1436 1291 1612 1332 Martius
1642 1290 1724 1332 La-

177 1351 291 1391 tinos
339 1349 511 1401 devicit,
560 1348 722 1389 Ostiam
769 1348 969 1390 condidit.
1037 1348 1292 1402 Tarquinius
1336 1348 1504 1388 Priscus
1549 1347 1724 1389 Latinos

175 1406 400 1460 superavit,
435 1404 593 1445 circum
624 1404 736 1454 fecit,
769 1405 972 1446 finitimos
1003 1405 1167 1454 devicit,
1190 1417 1332 1444 muros
1363 1406 1406 1445 et
1425 1403 1587 1445 cloacas
1608 1403 1723 1445 fecit.

177 1463 264 1504 Ser.
295 1461 434 1502 Tullio
467 1462 594 1514 caput
624 1460 739 1501 arsit.
791 1460 879 1502 Ser.
912 1459 1076 1501 Tullius
1098 1459 1302 1501 Veientes
1333 1459 1487 1500 devicit
1517 1462 1558 1500 et
1587 1473 1722 1513 popu-

176 1519 262 1559 lum
302 1518 345 1558 in
388 1517 539 1557 classes
578 1516 740 1565 divisit,
789 1516 934 1557 aedem
975 1516 1139 1557 Dianae
1178 1516 1396 1558 dedicavit.
1464 1515 1722 1569 Tarquinius

174 1573 388 1628 Superbus
441 1572 580 1613 occiso
628 1571 766 1613 Tullio
819 1586 1000 1626 regnum
1052 1572 1220 1612 invasit.
1291 1571 1454 1612 Tulliae
1497 1572 1633 1612 scelus
1677 1572 1722 1612 in

178 1634 355 1684 patrem.
423 1627 590 1669 Turnus
621 1627 866 1669 Herdonius
906 1642 981 1682 per
1013 1627 1291 1680 Tarquinium
1322 1628 1495 1669 occisus.
1563 1627 1722 1668 bellum

172 1699 265 1727 cum
297 1684 483 1726 Vulscis.
544 1684 692 1724 fraude
723 1683 816 1725 Sex.
849 1683 1053 1738 Tarquini
1084 1683 1208 1725 Gabii
1239 1684 1406 1737 direpti.
1466 1683 1722 1737 Capitolium

171 1742 431 1782 inchoatum.
493 1739 683 1780 Termini
723 1743 764 1780 et
800 1739 1004 1781 Iuventae
1043 1754 1139 1780 arae
1170 1740 1329 1780 moveri
1359 1753 1447 1781 non
1476 1742 1722 1793 potuerunt.

171 1797 374 1838 Lucretia
419 1810 462 1836 se
512 1796 677 1837 occidit.
744 1795 925 1849 Superbi
964 1796 1170 1849 expulsio.
1238 1798 1462 1850 regnatum
1499 1797 1563 1836 est
1599 1794 1722 1836 annis

175 1853 367 1894 ducentis
398 1852 710 1906 quinquaginta
740 1853 956 1906 quinque]

283 1909 336 1950 lb,
371 1909 393 1932 ‘³⁴
426 1911 445 1932 *Υ-
479 1907 639 1948 Latinis
671 1908 789 1948 victis
820 1911 1008 1948 montem
1041 1908 1302 1948 Aventinum
1332 1907 1586 1958 adsionavit,
1616 1906 1722 1948 fines

176 1965 376 2019 protulit,
410 1963 572 2005 Ostiam
603 1963 817 2004 coloniam
849 1963 1032 2015 deduxit,
1066 1964 1343 2004 caerimonias
1374 1977 1399 2003 a
1424 1940 1570 2004 [Numa
1601 1962 1721 2003 insti-

172 2023 286 2061 tutas
330 2019 562 2062 renovavit.
633 2020 829 2073 regnavit
870 2021 994 2060 annis
1039 2020 1193 2074 viginti
1238 2021 1452 2073 quattuor.
1519 2018 1720 2072 Lucumo,

175 2076 393 2117 Demarati
415 2075 625 2117 Corinthii
646 2075 773 2127 filius,
806 2089 830 2115 a
851 2074 1103 2129 Tarquiniis,
1125 2075 1307 2116 Etrusca
1337 2075 1518 2124 civitate,
1541 2073 1720 2115 Romam

178 2133 295 2172 venit
326 2134 367 2172 et
387 2132 431 2171 in
453 2131 682 2171 amicitiam
704 2131 815 2171 Anci
837 2134 1030 2184 receptus
1052 2130 1256 2184 Tarquini
1278 2130 1412 2171 Prisci
1433 2144 1586 2171 nomen
1609 2130 1720 2171 ferre

174 2187 313 2241 coepit
343 2190 386 2227 et
415 2189 512 2240 post
541 2189 717 2226 mortem
740 2189 849 2227 Anci
881 2201 1061 2240 regnum
1093 2187 1269 2239 excepit.
1319 2188 1488 2227 centum
1512 2185 1555 2226 in
1576 2188 1718 2239 patres

174 2243 341 2298 allegit,
382 2241 557 2283 Latinos
590 2243 775 2296 subegit,
808 2242 929 2282 ludos
960 2242 1003 2282 in
1039 2242 1149 2283 circo
1182 2241 1323 2291 edidit,
1356 2241 1543 2295 equitum
1575 2244 1718 2282 centu-

172 2300 256 2340 rias
287 2298 520 2351 ampliavit,
551 2297 698 2338 urbem
729 2312 847 2338 muro
879 2298 1169 2350 circumdedit,
1204 2298 1366 2338 cloacas
1397 2297 1508 2339 fecit.
1558 2297 1720 2338 occisus

173 2358 237 2396 est
266 2355 318 2395 ab
341 2353 450 2394 Anci
471 2353 585 2405 filiis,
619 2367 712 2394 cum
735 2357 955 2407 regnasset
975 2354 1098 2394 annis
1120 2354 1300 2408 triginta
1322 2356 1429 2394 octo.
1473 2353 1562 2406 [hic
1585 2356 1719 2406 temp-

173 2410 327 2452 tandae
359 2409 560 2450 scientiae
583 2409 675 2449 Atti
697 2409 807 2450 Navi
829 2410 1002 2463 auguris
1027 2423 1151 2450 causa
1171 2410 1306 2450 fertur
1327 2409 1585 2450 consuluisse
1607 2423 1715 2461 eum,

173 2481 226 2507 an
258 2466 315 2520 id,
349 2466 397 2506 de
429 2479 511 2519 quo
544 2466 763 2519 cogitaret,
797 2466 907 2506 effici
938 2469 1101 2520 posset3
1132 2465 1244 2520 quod
1276 2480 1370 2506 cum
1391 2465 1462 2506 ille
1484 2464 1575 2506 fieri
1594 2478 1718 2519 posse

174 2523 362 2574 dixisset,
393 2521 563 2563 iussisse
596 2535 691 2561 eum
722 2522 932 2563 novacula
953 2523 1087 2562 cotem
1109 2521 1361 2575 praecidere,
1393 2520 1517 2574 idque
1539 2521 1591 2561 ab
1612 2520 1717 2561 Atto

171 2578 366 2633 protinus
398 2577 592 2631 factum]

287 2633 498 2675 Successit
528 2633 565 2673 ei
597 2633 685 2674 Ser.
718 2632 893 2682 Tullius,
927 2635 1052 2674 natus
1085 2647 1135 2673 ex
1165 2635 1333 2686 captiva
1361 2631 1496 2673 nobili
1518 2632 1716 2673 Cornicu-

173 2689 287 2741 lana,
331 2689 395 2729 cui
436 2703 568 2742 puero
609 2688 747 2729 adhuc
784 2689 826 2729 in
862 2690 980 2729 cunis
1011 2689 1147 2742 posito
1179 2691 1305 2742 caput
1334 2687 1485 2728 arsisse
1514 2687 1716 2728 traditum

173 2747 276 2785 erat.
336 2746 370 2785 is
403 2758 574 2785 censum
605 2744 784 2797 primum
817 2746 916 2798 egit,
948 2745 1127 2785 lustrum
1159 2743 1359 2790 condidit,
1393 2757 1474 2797 quo
1503 2756 1628 2783 censa
1649 2755 1716 2783 oc·
1787 2759 1796 2771 ·

173 2800 340 2854 toginta
384 2800 501 2840 milia
547 2813 636 2840 esse
675 2800 894 2854 dicuntur,
932 2800 1176 2867 pomerium
1213 2798 1411 2853 protulit,
1457 2798 1584 2839 colles
1622 2798 1716 2839 urbi
