1799 3105
115 119 141 137 a.
163 110 230 137 chr.
251 118 281 136 n.
302 111 363 136 449.

630 100 778 157 LIBER
803 100 867 136 ΙΙΙ.
919 99 1022 136 ΟΑΡ.
1050 104 1106 136 61.
1134 104 1189 135 62.

1601 100 1683 142 101

116 210 335 253 concitant
366 224 499 265 equos
531 210 872 265 permittuntque
905 210 950 251 in
990 209 1161 251 hostem
1194 208 1384 263 pedestri
1422 209 1509 250 iam
1541 210 1686 251 turba·
1711 221 1732 252 9

117 281 209 312 tum
242 282 405 325 pugna,
438 271 482 310 et
512 270 730 324 perruptis
765 269 988 311 ordinibus
1021 269 1127 311 elati
1153 268 1206 311 ad
1231 268 1514 310 novissimam
1540 269 1686 321 aciem,

117 343 215 385 pars
248 329 384 371 libero
417 328 558 383 spatio
592 329 876 384 circumvecti,
907 329 995 371 iam
1021 329 1172 385 fugam
1198 328 1386 384 undique
1414 331 1686 383 capessentes

114 389 342 444 plerosque
383 403 408 430 a
447 388 600 430 castris
642 391 843 430 avertunt
885 389 1385 443 praeterequitantesque
1431 388 1686 430 absterrent.

115 448 308 504 peditum
341 448 453 490 acies
481 450 523 489 et
550 449 699 490 consul
726 449 816 502 ipse
841 448 990 503 visque
1011 448 1152 491 omnis
1173 448 1275 489 belli
1301 447 1438 490 fertur
1457 448 1500 489 in
1522 450 1685 503 castra,
1714 458 1757 490 10

115 508 338 563 captisque
370 522 465 550 cum
497 507 668 563 ingenti
700 508 839 562 caede,
874 508 1036 550 maiore
1068 508 1227 563 praeda
1259 508 1436 562 potitur.

234 567 375 610 Huius
407 581 580 622 pugnae
611 566 746 621 fama,
787 567 956 621 perlata
987 582 1074 609 non
1111 567 1158 608 in
1189 567 1341 609 urbem
1373 567 1500 610 modo
1535 567 1608 609 sed
1641 567 1687 609 in
1715 578 1755 609 11

117 626 302 670 Sabinos
335 626 388 668 ad
421 627 602 668 alterum
635 627 890 681 exercitum,
927 626 973 668 in
1010 627 1117 668 urbe
1155 627 1324 668 laetitia
1360 627 1576 669 celebrata
1609 630 1686 682 est,

115 687 161 728 in
194 686 345 728 castris
379 686 547 728 animos
580 686 766 728 militum
794 686 846 728 ad
872 686 1174 728 aemulandum
1202 686 1329 728 decus
1357 686 1563 730 accendit.
1600 687 1686 728 iam
1715 697 1757 728 12

114 745 323 788 Horatius
357 760 429 787 eos
463 745 786 788 excursionibus
818 746 1078 801 proeliisque
1109 746 1280 788 levibus
1313 747 1573 802 experiundo
1617 746 1687 788 ad-

115 805 354 848 suefecerat
391 805 474 847 sibi
511 806 657 860 potius
697 805 828 848 fidere
868 821 997 861 quam
1035 806 1281 847 meminisse
1319 806 1584 862 ignominiae
1617 806 1686 848 de-

114 866 398 908 cemvirorum
430 865 560 907 ductu
599 868 814 921 acceptae3
858 880 1077 921 parvaque
1116 866 1353 907 certamina
1391 867 1435 908 in
1474 881 1687 907 summam

113 926 250 968 totius
283 925 556 980 profecerant
589 926 692 980 spei.

754 940 833 967 nec
872 926 1102 968 cessabant
1141 924 1306 980 Sabini,
1343 925 1508 968 feroces
1548 926 1602 968 ab
1641 941 1686 967 re
1716 936 1758 967 13

114 986 260 1040 priore
300 999 411 1027 anno
449 986 559 1027 bene
611 987 752 1041 gesta,
798 985 1011 1027 lacessere
1056 988 1184 1041 atque
1228 986 1390 1027 instare
1433 986 1688 1041 rogitantes,

115 1045 218 1100 quid
250 1045 467 1087 latrocinii
493 1044 621 1087 modo
648 1047 952 1100 procursantes
978 1046 1105 1100 pauci
1125 1048 1478 1100 recurrentesque
1498 1048 1688 1087 tererent

113 1108 283 1159 tempus
318 1108 360 1146 et
390 1104 436 1146 in
463 1104 602 1146 multa
627 1105 793 1160 proelia
817 1120 1036 1160 parvaque
1064 1107 1289 1160 carperent
1322 1120 1535 1147 summam
1562 1105 1687 1147 unius

113 1164 247 1206 belli?
286 1164 389 1220 quin
421 1164 486 1206 illi
519 1165 883 1220 congrederentur
916 1165 1006 1207 acie
1038 1165 1412 1220 inclinandamque
1440 1165 1573 1207 semel
1601 1165 1686 1207 for-
1716 1176 1759 1207 14

111 1231 245 1266 tunae
277 1239 367 1265 rem
400 1223 583 1266 darent?

228 1283 298 1325 Ad
330 1283 390 1334 id,
430 1283 544 1339 quod
577 1299 655 1325 sua
687 1287 842 1338 sponte
883 1284 989 1326 satis
1022 1285 1264 1327 conlectum
1303 1284 1549 1326 animorum
1582 1287 1758 1340 crat,62

110 1343 372 1398 indignitate
405 1343 537 1385 etiam
569 1342 756 1385 Romani
789 1343 1156 1386 accendebantur:
1194 1345 1280 1386 iam
1314 1344 1499 1386 alt-erum
1532 1345 1686 1386 exerci-

110 1406 205 1445 tum
237 1403 448 1445 victorem
480 1403 526 1444 in
560 1404 708 1445 urbem
742 1403 1000 1458 rediturum,
1033 1404 1115 1445 sibi
1147 1404 1263 1447 ultro
1296 1419 1372 1459 per
1399 1405 1684 1446 contumelias

158 1523 190 1555 9.
230 1520 467 1567 permittant]
516 1520 652 1555 ‘lassen
697 1520 749 1556 sie
793 1521 860 1563 los,

110 1578 295 1613 sprengen
308 1568 461 1611 heran’3
482 1567 746 1613 Bezeichnung
760 1568 860 1603 eines

110 1615 279 1660 heftigen
304 1614 588 1661 Reiterangriffs
615 1615 664 1660 (S,
692 1619 748 1660 30,
776 1618 824 1662 6).

158 1663 363 1709 turbatum]
397 1663 488 1698 Also
514 1663 564 1698 ist
589 1663 657 1699 auf
676 1663 770 1709 Kap.
803 1668 860 1707 60,

114 1714 156 1745 11
183 1712 391 1746 restituitur
419 1723 549 1757 pugna
577 1711 664 1746 kein
691 1710 862 1747 Gewicht

110 1770 153 1792 zu
178 1757 298 1804 legen.

158 1806 261 1852 elati]
295 1805 407 1840 naml.
442 1817 571 1849 cursu,
609 1807 861 1851 vordringend

110 1853 198 1900 (vgl.
226 1853 320 1899 Kap.
348 1857 380 1897 5,
408 1856 454 1898 6).

155 1901 262 1948 pars]
307 1913 376 1936 nur
415 1901 554 1936 einmal
594 1903 754 1947 gesetzt;
795 1902 860 1938 das

113 1949 250 1984 andere
276 1949 325 1984 ist
350 1959 418 1983 vor
443 1950 531 1984 elati
556 1962 600 1984 zu
627 1950 784 1985 denken.

158 1996 373 2043 absterrent]
400 1997 514 2032 n'aml.
542 2009 566 2032 a
591 1999 731 2034 castris.

161 2049 216 2081 10.
231 2044 384 2091 maiore]
395 2044 639 2090 Komparativ
652 2056 696 2080 zu
709 2047 859 2091 ingenti.

111 2092 154 2127 In
170 2093 292 2128 seiner
302 2091 480 2138 Neigung
494 2105 557 2128 zur
570 2093 753 2128 Rhetorik
766 2094 861 2129 liebt

110 2139 239 2176 Livius
248 2140 615 2186 fiberschwengliche
627 2141 858 2177 Ausdrt'icke.

154 2188 313 2235 potitur]
342 2189 454 2224 Wer‘?

161 2240 216 2272 11.
242 2237 285 2271 in
307 2236 482 2282 Sabinos]
508 2235 769 2282 Bestimmung
794 2237 858 2272 des

113 2283 232 2327 Ortes,
252 2284 464 2328 begrfindet
482 2284 599 2319 durch
616 2284 774 2330 Angabe
794 2285 860 2320 der

112 2331 132 2365 d
139 2331 279 2366 aselbst
288 2330 538 2366 befindlichen
546 2331 684 2367 Person
690 2344 734 2367 en
743 2347 751 2367 ε
762 2331 858 2378 Kap.

113 2382 169 2422 38,
197 2382 218 2413 8
244 2379 286 2412 in
311 2379 454 2414 curiam
479 2380 528 2414 acl
553 2380 778 2416 decemviros.

160 2425 282 2472 decus]
311 2426 371 2460 die
396 2426 609 2462 ruhmvolle
638 2426 737 2463 That
768 2428 858 2474 (vgl.

113 2474 205 2519 Kap.
235 2478 288 2517 11,
317 2474 364 2517 6).

160 2525 214 2557 12.
244 2521 486 2567 eoeperiundo]
513 2522 596 2558 Abl.
625 2522 688 2557 des
715 2522 859 2559 Mittels

112 2582 156 2605 zu
176 2570 434 2613 adsuefecerat,
456 2569 648 2614 ‘dadurch,
664 2568 738 2606 dass
753 2581 793 2605 er
807 2570 860 2606 sie

112 2617 314 2663 erprobte’.

159 2665 384 2711 iynominiae
392 2692 400 2700 .
410 2692 435 2700 ..
452 2665 633 2711 acceptae]
647 2663 742 2710 Kap.
757 2669 814 2708 42,
826 2669 858 2700 3.

160 2715 202 2748 in
247 2723 423 2748 summam
472 2713 584 2747 totius
629 2714 860 2758 profecerant

111 2760 204 2807 spei]
231 2771 356 2795 waren
383 2759 626 2805 erfolgreich,
658 2760 859 2796 forderlich

112 2818 281 2851 gewesen
319 2808 377 2843 fiir
416 2807 476 2843 die
517 2806 751 2843 Gesamtheit
793 2809 860 2843 der

113 2866 253 2900 ganzen
264 2854 467 2901 Hoffnung,
481 2855 540 2890 fiir
552 2855 613 2890 die
627 2867 713 2891 vom
721 2855 858 2902 Kriege

112 2903 324 2948 uberhaupt
349 2904 511 2949 gehegte
537 2902 736 2950 Hoffnung.

985 1524 1039 1556 13.
1067 1521 1129 1567 ab]
1158 1521 1232 1566 vgl.
1261 1533 1304 1556 zu
1330 1521 1423 1566 Kap.
1454 1525 1508 1565 15,
1538 1526 1567 1557 7.

979 1570 1104 1615 priore
1124 1569 1239 1615 anno]
1261 1569 1313 1604 im
1334 1570 1489 1614 vorigen
1507 1570 1686 1616 Sommer,

934 1616 1024 1651 aber
1045 1617 1139 1651 nach
1161 1620 1252 1651 ro'm.
1269 1617 1520 1662 Chronologie
1540 1618 1578 1652 in
1599 1618 1686 1653 dem

935 1665 1069 1700 einen
1094 1664 1286 1709 Amtsjahr
1314 1666 1402 1710 (von
1423 1667 1523 1701 etwa
1544 1669 1587 1700 18
1607 1666 1685 1701 Μο-

933 1714 1079 1756 naten),
1105 1712 1266 1747 welches
1292 1712 1358 1747 das
1392 1713 1505 1748 dritte
1531 1713 1685 1748 Dezem-

934 1758 1035 1795 virat
1053 1759 1129 1794 und
1149 1760 1215 1794 das
1232 1760 1417 1795 Konsulat
1436 1761 1499 1795 des
1511 1760 1685 1796 Valerius

935 1807 1012 1842 und
1034 1807 1213 1842 Horatius
1239 1806 1398 1843 umfasst.

983 1856 1186 1901 carperent]
1211 1855 1454 1898 ‘zerteilten'3
1481 1856 1575 1901 Kap.
1597 1859 1629 1900 5,
1652 1860 1684 1891 1.

982 1914 1160 1938 summam
1185 1904 1298 1938 unias
1323 1903 1423 1950 belli]
1448 1902 1524 1938 Das
1559 1903 1684 1939 Ganze

936 1950 1001 1985 des
1028 1950 1136 1986 einen
1156 1950 1331 1996 Krieges‚
1358 1952 1391 1986 d.
1414 1952 1448 1986 h.
1471 1951 1544 1986 den
1555 1951 1681 1996 Krieg,

934 1997 1096 2034 welcher
1140 1997 1209 2033 auf
1254 1999 1392 2034 einmal
1439 1998 1682 2035 entschieden

934 2045 1083 2081 werden
1108 2046 1241 2082 konne.

984 2098 1038 2129 14.
1065 2095 1155 2139 quin
1174 2095 1233 2129 illi
1256 2095 1572 2141 conyrederentur]
1597 2094 1684 2130 Ora-

931 2141 986 2176 tio
1008 2141 1162 2187 obliqua
1188 2155 1250 2177 zur
1266 2141 1326 2178 Or.
1347 2143 1466 2178 recta:
1491 2145 1582 2188 quin
1601 2154 1684 2178 con-

931 2191 1130 2235 yredimini
1162 2190 1335 2235 Cwarum
1362 2191 1415 2225 sie
1441 2190 1587 2235 nicht’,
1617 2191 1684 2226 ‘sie

933 2238 1108 2273 mochten
1133 2237 1274 2284 doch’).

979 2286 1096 2332 semel]
1134 2286 1211 2321 ‘ein
1235 2286 1294 2321 fiir
1320 2286 1502 2332 allemal’,
1529 2297 1574 2321 zu
1603 2297 1683 2321 ver-

930 2333 1072 2369 binden
1097 2332 1167 2368 mit
1191 2335 1457 2370 inclinandam.

980 2429 1044 2465 62.
1068 2433 1098 2464 1.
1117 2430 1227 2473 adid,
1247 2429 1357 2475 qaod]
1372 2446 1416 2458 =
1424 2434 1684 2475 praeterquam

934 2477 1042 2522 qaod,
1068 2489 1136 2511 nur
1162 2476 1223 2511 bei
1250 2476 1390 2519 Livius,
1417 2478 1514 2512 noch
1535 2489 1583 2512 an
1603 2476 1683 2512 drei

934 2524 1096 2559 anderen
1118 2523 1260 2559 Stellen
1286 2525 1360 2569 (26,
1386 2528 1443 2569 45,
1470 2529 1508 2567 83
1536 2525 1596 2568 32,
1623 2528 1681 2569 40,

935 2575 972 2614 8;
999 2570 1060 2615 44,
1087 2575 1144 2615 37,
1174 2574 1241 2617 12).

981 2630 1051 2654 sua
1075 2619 1217 2666 sponte]
1247 2619 1336 2654 ‘von
1361 2620 1505 2663 selbst’,
1537 2619 1618 2655 hier
1642 2620 1682 2655 in

935 2666 1095 2701 seltener
1115 2666 1241 2701 Weise
1269 2668 1365 2702 ohne
1390 2668 1682 2713 grammatische

932 2713 1149 2762 Beziehung
1173 2713 1242 2749 auf
1265 2715 1326 2750 ein
1357 2715 1561 2750 wollendes
1588 2714 1680 2751 Sub-

927 2761 1031 2807 jekt,
1069 2761 1196 2796 indem
1234 2762 1299 2797 der
1337 2762 1464 2798 aktive
1500 2762 1680 2799 Gedanke

931 2809 1181 2844 vorschwebt:
1220 2811 1316 2854 quod
1347 2821 1416 2846 sua
1439 2815 1566 2856 sponte
1589 2812 1681 2847 satis

931 2857 1161 2902 conleyerant
1186 2858 1404 2894 animorum.

980 2905 1092 2951 ultro]
1122 2903 1354 2950 ‘obendreixn
1381 2916 1492 2951 sogar
1516 2907 1642 2942 noch’.
