1799 3105
90 124 116 144 a.
138 113 204 140 Chr.
225 120 254 139 n.
275 113 337 139 465.

89 215 279 257 tulerint.

660 105 806 141 LIBER
829 105 893 143 111.
944 104 1045 142 cAP.
1072 109 1104 142 3.
1630 109 1659 152 5

341 212 598 268 necopinata
637 214 768 256 etiam
799 229 868 256 res
906 215 1003 270 plus
1036 214 1341 270 trepidationis
1382 215 1503 271 fecit,
1541 217 1656 272 quod
1681 228 1702 259 2

88 274 201 316 nihil
220 274 375 329 minus,
402 288 530 328 quam
554 288 608 316 ne
634 273 774 316 victus
802 289 851 316 ac
876 289 1010 329 prope
1036 274 1081 316 in
1107 274 1259 317 castris
1287 275 1489 318 obsessus
1514 276 1655 319 hostis

88 348 254 375 memor
285 333 579 388 populationis
612 334 742 386 esset,
781 333 925 374 timeri
961 335 1153 389 poterat,
1195 337 1472 390 agrestesque
1510 336 1655 390 pavidi
1681 350 1702 380 3

87 393 327 435 incidentes
371 393 509 451 portis
553 407 642 434 non
691 393 1018 446 populationem
1068 408 1146 435 nec
1189 394 1457 448 praedonum
1497 410 1655 449 parvas

87 467 254 508 manUS,
287 452 360 494 sed
392 447 536 494 omnia
568 466 677 494 vano
711 454 918 507 augentes
950 452 1106 494 timore
1139 454 1350 495 exercitus
1384 456 1427 496 et
1457 454 1652 509 legiones

89 511 239 554 adesse
271 511 462 553 hostium
494 513 538 551 et
569 509 727 552 infesto
761 510 932 565 agmine
965 526 1086 553 ruere
1119 512 1172 553 ad
1211 514 1363 555 urbem
1397 513 1655 556 clamabant.

88 572 142 614 ab
176 571 243 613 his
282 570 481 625 proxumi
520 569 667 611 audita
705 569 872 612 incerta
911 584 1046 625 eoque
1084 571 1266 614 vaniora
1303 572 1415 614 ferre
1448 573 1502 614 ad
1535 574 1655 616 alios.
1681 584 1703 615 4

89 645 237 673 cursus
271 630 517 683 clamorque
550 630 800 671 vocantium
833 629 886 671 ad
920 644 1040 671 arma
1072 630 1189 672 haud
1223 633 1407 674 multum
1440 648 1465 674 a
1496 647 1657 687 pavore

88 692 240 744 captae
273 689 393 731 urbis
426 689 590 730 abesse.

206 748 336 790 Forte
376 748 430 790 ab
469 747 628 803 Algido
673 747 899 797 Quinctius
946 749 1095 791 consul
1131 749 1316 792 redierat
1353 750 1552 793 Romam.

1612 751 1704 794 id5

86 807 324 850 remedium
354 807 503 850 timori
540 807 641 862 fuit,
679 807 954 862 tumultuque
988 809 1138 851 sedato
1178 810 1315 851 victos
1348 810 1492 851 timeri
1523 811 1657 853 incre-

84 882 193 922 pans
224 867 373 910 hostes
399 866 614 922 praesidia
639 867 777 921 portis
804 867 1023 922 imposuit.
1074 871 1227 910 vocato
1255 869 1353 910 dein
1380 871 1533 911 senatu
1560 885 1657 912 cum
1684 883 1705 914 6

86 941 138 968 ex
177 927 434 969 auctoritate
472 929 647 981 patrum
688 927 858 969 iustitio
896 927 1059 978 indicto
1098 928 1319 983 profectus
1359 928 1413 970 ad
1451 930 1656 971 tutandos

85 987 193 1028 fines
226 988 352 1041 esset,
385 986 433 1036 Q.
455 985 636 1028 Servilio
669 985 890 1041 praefecto
916 987 1034 1028 urbis
1068 987 1235 1043 relicto,
1266 988 1438 1030 hostem
1465 989 1510 1030 in
1537 989 1656 1044 agris

85 1061 176 1088 non
206 1046 384 1088 invenit.
436 1046 489 1087 ab
524 1046 658 1087 altero
692 1046 868 1088 consule
894 1060 962 1088 res
996 1049 1120 1102 gesta
1151 1048 1322 1103 egregie
1356 1050 1440 1103 est3
1472 1049 1545 1103 qui
1572 1063 1656 1103 qua
1682 1060 1702 1091 7

86 1108 312 1148 venturum
356 1105 527 1147 hostem
566 1105 748 1160 sciebat,
794 1119 971 1161 gravem
1010 1106 1169 1161 praeda
1207 1121 1343 1161 eoque
1382 1107 1656 1161 impeditiore

86 1165 259 1220 agmine
303 1164 574 1206 incedentem
620 1165 849 1220 adgressus
901 1165 1118 1207 funestam
1162 1166 1490 1221 populationem
1540 1167 1656 1209 fecit.

85 1225 211 1279 pauci
243 1224 436 1266 hostium
470 1239 642 1265 evasere
681 1239 732 1266 ex
764 1224 952 1279 insidiis3
991 1225 1153 1280 praeda
1191 1226 1332 1268 omnis
1371 1228 1546 1280 recepta
1579 1228 1655 1268 est.
1681 1237 1704 1269 8

87 1284 149 1325 sic
174 1284 303 1324 finem
335 1284 517 1337 iustitio,
550 1283 662 1338 quod
696 1283 983 1339 quadriduum
1015 1285 1114 1339 fuit,
1153 1285 1317 1327 reditus
1351 1284 1526 1334 Quincti
1558 1300 1655 1328 con-

87 1343 192 1385 sulis
225 1343 270 1384 in
296 1343 447 1384 urbem
479 1342 594 1384 fecit.

205 1400 370 1443 Census
417 1402 566 1443 deinde
611 1404 731 1444 actus
770 1405 814 1444 et
852 1402 1075 1444 conditum
1115 1403 1169 1445 ab
1211 1403 1412 1453 Quinctio
1454 1405 1654 1447 lustrum.
1683 1417 1703 1448 9

86 1476 215 1504 censa
247 1461 404 1503 civium
444 1461 587 1516 capita
620 1464 792 1504 centum
827 1465 1034 1517 quattuor
1066 1462 1188 1504 milia
1228 1464 1503 1519 septingenta
1536 1467 1655 1519 quat-

84 1614 154 1650 wie
185 1625 259 1649 von
291 1612 448 1656 Sallust,
481 1613 552 1648 mit
585 1613 670 1649 dem
695 1613 836 1649 blossen

84 1661 216 1696 Aecus.
241 1660 483 1705 konstruiert‚
516 1672 589 1696 von
615 1660 743 1696 Cicero
771 1661 835 1696 da-

83 1719 206 1754 gegcn
231 1708 302 1742 mit
326 1709 369 1743 in
394 1719 423 1744 c.
452 1718 529 1744 acc,
555 1708 783 1744 verbunden.

133 1759 166 1790 2.
187 1766 304 1800 prope
323 1757 365 1790 in
384 1756 514 1791 eastris
533 1756 712 1802 obsessus]
739 1757 832 1802 Kap.

85 1807 117 1848 2,
149 1806 191 1837 12
219 1802 324 1837 nicht
350 1803 527 1838 erw‘ahnt.

132 1854 166 1885 3.
191 1850 408 1896 incidentes]
435 1848 546 1885 n'aml.
572 1850 613 1885 in
638 1850 772 1886 wrbem.

128 1897 266 1944 portis]
299 1897 423 1933 Ablat.
463 1898 526 1932 des
564 1897 702 1942 Weges
741 1899 835 1934 statt

81 1957 150 1990 per
175 1949 326 1990 portas,
357 1944 486 1990 haufig
521 1944 582 1980 bei
613 1944 691 1980 Liv.
725 1944 831 1991 (Kap.

85 1997 117 2037 5,
144 1996 183 2037 53
210 1996 267 2036 51,
296 1994 366 2036 10).

131 2041 309 2076 exercitas
340 2039 391 2075 ist
417 2040 625 2085 Gegensatz
650 2052 694 2075 zu
713 2051 834 2085 popu—

84 2089 267 2132 lationem,
294 2089 448 2133 leyiones
467 2100 511 2122 zu
530 2099 670 2132 parvas
689 2099 833 2134 manus,

82 2137 238 2172 hostiam
265 2147 310 2170 zu
332 2136 570 2180 praedonum.

131 2183 355 2229 clamabant]
390 2183 445 2217 Im
477 2183 691 2218 Deutschen
727 2184 834 2228 giebt

83 2242 170 2266 man
201 2231 328 2266 besser
365 2231 451 2266 dem
489 2232 611 2265 ersten
656 2231 721 2266 der
764 2231 834 2266 mit

81 2289 157 2313 non
183 2304 190 2312 .
219 2305 227 2313 .
256 2305 263 2312 .
290 2279 351 2314 sed
382 2277 646 2313 verbundenen
680 2277 833 2314 Glieder

83 2326 144 2360 ein
172 2325 322 2369 eigenes
351 2324 453 2359 Verb
490 2325 595 2370 (‘von
621 2354 628 2360 .

83 2372 222 2416 chen’).

130 2423 162 2454 4.
191 2420 236 2454 ab
264 2420 336 2465 his]
366 2419 455 2455 ‘von
476 2419 604 2454 diesen
624 2421 736 2466 weg’,
763 2421 833 2456 mit

81 2468 177 2511 ferre
203 2479 248 2501 zu
273 2465 490 2501 vei-binden.

131 2518 162 2550 5.
191 2514 404 2560 remedium]
437 2513 476 2548 in
507 2513 692 2558 gleichem
719 2514 830 2550 Sinne

81 2562 123 2606 2,
156 2566 220 2606 45,
253 2565 293 2597 4:
331 2561 600 2608 simulationem
637 2562 832 2598 intestinae

82 2610 287 2646 discordiae
320 2610 514 2645 remedium
541 2609 681 2644 timoris
706 2610 831 2645 inven-

81 2660 168 2692 tam.

129 2704 266 2751 portis]
297 2704 413 2739 Dativ
443 2703 504 2739 bei
537 2704 730 2748 praesidia
766 2706 832 2739 im-

78 2763 236 2797 ponere,
269 2753 339 2787 wie
373 2751 476 2787 Caes.
504 2752 539 2787 b.
573 2749 614 2787 Gr.
648 2750 692 2794 1,
719 2754 782 2796 51,
812 2757 829 2787 1

84 2800 312 2844 praesidinm
331 2800 462 2835 castris
481 2799 648 2844 reliquit;
672 2799 748 2844 vgl.
764 2803 783 2841 ξ
800 2803 830 2835 1.

133 2850 165 2882 6.
201 2848 344 2882 iustitio
376 2847 533 2893 indicto]
583 2845 651 2881 Bei
695 2845 832 2892 grosser

86 2892 228 2929 Gefahr
266 2894 355 2929 oder
392 2895 536 2929 Trauer
578 2893 671 2929 wird
715 2894 831 2930 durch

658 2354 664 2361 .
693 2354 699 2360 .
729 2338 829 2371 spra-

910 1614 1230 1650 Senatsbeschluss
1262 1616 1320 1651 ein
1355 1615 1554 1651 Stillstand
1591 1616 1656 1652 der

908 1661 1084 1697 Gerichte
1110 1675 1144 1698 u.
1173 1663 1374 1698 Geschafte
1407 1665 1655 1709 angeordnet:

907 1710 1001 1754 Kap.
1028 1713 1061 1752 5,
1088 1715 1110 1745 4
1135 1723 1169 1744 u.
1198 1715 1256 1753 27,
1282 1714 1314 1745 2.

948 1759 1135 1801 praefecto
1154 1758 1273 1804 urbis]
1300 1757 1370 1792 Ein
1392 1758 1539 1793 solcher
1563 1759 1658 1793 wird

907 1804 989 1839 hier
1021 1805 1080 1839 fur
1119 1805 1179 1840 die
1218 1804 1343 1840 Dauer
1376 1805 1440 1840 des
1472 1806 1656 1841 iustitium

906 1852 1072 1896 bestellt,
1099 1853 1185 1887 weil
1211 1864 1249 1888 es
1274 1853 1333 1887 fiir
1360 1853 1419 1887 die
1446 1852 1657 1888 Sicherheit

907 1899 974 1934 der
994 1899 1104 1934 Stadt
1119 1901 1283 1944 geboten
1302 1900 1457 1944 scheint,
1479 1901 1656 1936 wahrend

907 1958 994 1982 man
1022 1958 1059 1982 es
1080 1948 1173 1992 Kap.
1195 1951 1229 1992 2,
1252 1952 1270 1983 7
1297 1947 1404 1983 nicht
1421 1948 1529 1993 notig
1553 1949 1656 1994 fand,

907 1995 1073 2030 obschon
1098 1994 1208 2030 beide
1228 1996 1400 2031 Konsuln
1421 2006 1657 2041 ausgezogen

906 2054 1041 2078 waren.

955 2094 985 2125 7.
1011 2090 1173 2136 yravein]
1194 2090 1233 2125 in
1252 2090 1437 2136 passivem
1459 2091 1564 2126 Sinn:
1593 2092 1654 2127 be-

853 2167 856 2170 «
906 2138 1081 2181 schwert,
1108 2137 1349 2182 gewohnlich
1374 2138 1490 2173 aktiv.

953 2185 1153 2231 funestam]
1202 2185 1440 2231 ‘trauervoll,
1479 2186 1655 2222 verderb-

905 2231 1017 2277 lich’3
1045 2237 1224 2278 erganze:
1251 2234 1295 2276 ei,
1320 2234 1425 2269 hosti.

955 2285 986 2315 9.
1014 2281 1132 2326 actas]
1148 2279 1224 2316 scil.
1235 2284 1296 2324 est,
1311 2281 1377 2315 der
1396 2279 1654 2327 regelmassige

904 2326 1102 2363 Ausdruck
1146 2328 1205 2362 fiir
1243 2328 1308 2363 das
1352 2328 1544 2364 Abhalten
1588 2329 1653 2364 des

907 2374 1056 2411 Census

953 2423 1139 2458 conditam
1183 2423 1355 2468 lustrum]
1403 2423 1489 2458 ‘das
1535 2422 1654 2457 Sfihn-

906 2470 1011 2514 opfer
1043 2470 1169 2505 wurde
1194 2470 1420 2514 vollendet',
1454 2471 1487 2504 d.
1515 2470 1549 2504 h.
1587 2470 1653 2505 das

904 2516 1004 2551 Volk
1031 2516 1157 2551 wurde
1185 2517 1302 2551 durch
1329 2516 1396 2552 das
1418 2516 1531 2561 Opfer
1551 2516 1652 2552 eines

906 2563 1138 2608 Schweines,
1172 2563 1324 2598 Schafes
1356 2575 1391 2599 u.
1426 2564 1564 2598 Stieres
1589 2575 1653 2609 ge-

904 2610 1044 2656 reinigt
1069 2623 1104 2646 u.
1131 2610 1251 2645 damit
1277 2611 1336 2645 die
1359 2611 1572 2656 Schatzung
1590 2622 1655 2656 ge-

905 2657 1106 2693 schlossen.
1153 2657 1236 2702 Vgl.
1260 2657 1294 2700 1,
1315 2662 1372 2702 44,
1396 2662 1413 2692 1
1441 2669 1550 2693 censa
1568 2670 1654 2703 per-

904 2707 995 2748 fecto
1023 2704 1203 2749 (Servius)
1229 2706 1360 2748 edixit,
1392 2709 1434 2741 at
1459 2716 1579 2741 omnes
1604 2707 1654 2741 ci-

904 2763 963 2788 ves
993 2752 1168 2795 Romani,
1199 2753 1331 2797 equites
1357 2753 1577 2798 peditesque,
1611 2754 1654 2789 in

903 2801 981 2835 sais
995 2801 1144 2845 quisque
1158 2800 1333 2835 centuriis
1346 2801 1387 2835 in
1401 2811 1527 2845 eampo
1546 2801 1652 2836 Mar-

905 2849 956 2883 tio
971 2848 1097 2892 prima
1116 2848 1194 2883 lace
1213 2848 1395 2891 adessem-t,-
1422 2849 1474 2883 ibi
1496 2850 1654 2883 instruc-

904 2899 980 2931 tum
1006 2896 1201 2930 exercitam
1233 2906 1370 2930 omnem
1395 2896 1650 2931 suovetaurili-
