1799 3105
61 168 88 186 a.
102 161 171 190 Chr.
185 169 214 186 n.
227 161 290 186 418.

592 146 738 181 LIBER,
764 147 825 181 IV.
872 146 973 182 CAP.
1001 151 1057 182 46.
1081 151 1136 181 47.
1581 150 1634 191 79

63 256 210 312 pinam
243 256 401 298 vallem
434 255 519 297 fusi
552 258 669 311 sunt⁷
702 255 913 311 multique
945 256 986 297 in
1021 255 1145 297 ruina
1178 255 1339 297 maiore
1373 270 1501 310 quam
1533 256 1636 312 fuga

65 316 261 371 oppressi
284 315 634 369 obtruncatique3
660 317 898 370 castraque,
927 329 975 357 eo
1005 315 1072 356 die
1100 329 1227 370 aegre
1253 318 1432 369 retenta,
1459 318 1633 369 postero
1663 325 1684 355 6

68 374 135 417 die
168 374 435 416 circumfusis
468 374 554 415 iam
581 387 740 427 magna
768 388 816 415 ex
842 377 966 429 parte
991 374 1190 416 hostibus
1217 389 1294 429 per
1320 388 1512 415 aversam
1540 389 1635 429 por-

64 437 156 475 tam
196 433 303 489 fuga
346 434 463 488 turpi
508 433 774 475 deseruntur.

850 433 977 474 duces
1022 433 1241 489 legatique
1287 436 1330 475 et
1373 433 1485 488 quod
1524 434 1637 475 circa

67 493 193 548 signa
224 493 392 534 roboris
427 493 477 534 de
504 492 691 534 exercitu
717 492 802 533 fuit
827 491 1062 534 Tusculum
1089 492 1270 547 petiere3
1296 492 1433 547 palati
1460 493 1534 534 alii
1559 508 1637 548 per
1664 503 1682 533 7

67 565 197 606 agros
242 553 405 607 passim
447 551 596 592 multis
639 551 868 593 itineribus
913 551 1108 606 maioris,
1143 566 1266 606 quam
1313 556 1489 606 accepta
1533 555 1636 606 erat,

67 611 199 653 cladis
238 611 381 653 nuntii
413 611 596 652 Romam
635 610 958 652 contenderunt.

1021 611 1162 652 minus
1200 611 1503 666 trepidationis
1541 611 1685 667 fuine

66 671 178 726 quod
213 673 390 712 eventus
422 670 568 711 timori
599 669 821 712 hominum
854 684 1094 725 congruens
1125 670 1283 725 fuerat,
1317 674 1358 712 et
1392 671 1503 725 quod
1536 671 1635 712 sub-

66 729 193 784 sidia,
226 744 335 785 quae
366 729 627 785 respice—rent
658 729 700 771 in
732 744 777 771 re
808 729 995 784 trepida,
1027 732 1288 784 praeparata
1321 733 1442 771 erant
1475 731 1527 771 ab
1559 730 1635 771 tri-

65 789 181 830 buno
213 789 416 830 militum.

472 789 676 843 iussuque
710 789 900 830 eiusdem
933 803 1010 844 per
1042 790 1228 830 minores
1260 789 1542 844 magistratus
1577 804 1634 831 se·
1663 800 1683 831 9

67 847 167 889 dato
199 848 244 889 in
281 848 386 890 urbe
427 848 618 889 tumultu
660 848 950 901 speculatores
994 863 1177 903 propere
1220 847 1341 889 missi
1383 849 1636 890 nuntiavere

67 907 241 948 Tusculi
277 907 404 949 duces
438 907 758 961 exercitumque
792 922 901 961 esse,
927 907 1097 949 hostem
1133 910 1273 948 castra
1304 907 1399 949 loco
1433 922 1519 949 non
1546 922 1635 949 mo-

65 967 193 1008 visse.
246 970 304 1021 et,
338 967 451 1022 quod
484 967 715 1021 plurimum
749 967 989 1008 animorum
1020 966 1143 1021 fecit,
1170 967 1356 1008 dictator
1382 982 1432 1008 ex
1459 971 1636 1008 senatus
1665 977 1710 1008 10

67 1026 265 1068 consulto
311 1026 448 1067 dictus
494 1025 542 1074 Q.
576 1024 782 1067 Servilius
815 1026 1005 1080 Priscus,
1039 1027 1120 1080 vir,
1153 1026 1274 1067 cuius
1319 1026 1636 1081 providentiam

67 1086 111 1127 in
142 1100 187 1126 re
219 1085 394 1139 publica
426 1099 521 1127 cum
554 1085 703 1126 multis
737 1085 834 1127 aliis
867 1085 1200 1140 tempestatibus
1234 1087 1333 1127 ante
1366 1089 1542 1140 experta
1580 1086 1636 1127 ci-

65 1144 180 1186 vitas
213 1146 306 1185 erat
330 1146 424 1185 tum
451 1147 606 1185 eventu
634 1145 724 1185 eius
751 1144 872 1199 belli,
894 1144 1004 1199 quod
1030 1145 1106 1185 uni
1128 1147 1346 1186 certamen
1365 1145 1638 1186 tribunorum

68 1206 315 1258 suspectum
362 1208 460 1244 ante
505 1218 596 1245 rem
628 1204 741 1245 male
775 1208 943 1259 gestam
974 1204 1126 1246 fuerat.

68 1266 228 1318 creato,
262 1278 286 1304 a
319 1277 402 1318 quo
435 1263 527 1318 ipse
559 1262 736 1304 tribuno
777 1263 963 1304 militum
1003 1263 1190 1305 dictator
1228 1266 1320 1305 erat
1357 1263 1514 1319 dictus,
1545 1264 1637 1305 filio

68 1337 145 1364 suo
178 1346 236 1351 —
267 1324 316 1363 ut
347 1322 563 1364 tradidere
596 1322 788 1377 quidam3
820 1337 918 1364 nam
954 1323 1028 1363 alii
1061 1322 1248 1364 Ahalam
1283 1322 1514 1365 Servilium.
1548 1338 1636 1364 ma-

69 1383 254 1436 gistrum
289 1381 482 1436 equitum
512 1396 560 1423 eo
588 1396 700 1422 anno
725 1381 858 1423 fuisse
886 1382 1080 1423 scribunt
1105 1406 1164 1411 -—
1188 1396 1299 1424 novo
1327 1382 1515 1424 exercitu
1542 1397 1638 1437 pro-

66 1441 208 1483 fectus
243 1440 295 1482 ad
328 1440 508 1496 bellum,
543 1440 712 1496 accitis,
755 1441 827 1496 qui
861 1440 1036 1483 Tusculi
1069 1444 1209 1497 erant,
1247 1441 1329 1483 duo
1375 1441 1497 1483 milia
1541 1457 1636 1497 pas·
1667 1452 1710 1483 12

68 1515 192 1542 suum
225 1500 278 1541 ab
310 1500 435 1541 hoste
467 1500 608 1541 locum
641 1500 794 1542 castris
828 1501 951 1555 cepit.

187 1559 436 1601 Transierat
468 1574 517 1601 ex
550 1574 594 1600 re
632 1560 739 1600 bene
779 1562 904 1614 gesta
943 1560 1142 1615 superbia
1179 1561 1545 1615 neglegentiaque
1585 1560 1638 1602 ad
1652 1561 1709 1602 47

68 1619 262 1674 Aequos,
295 1633 403 1673 quae
435 1619 479 1659 in
513 1618 718 1660 Romanis
752 1619 930 1660 ducibus
962 1618 1114 1660 fuerat.
1163 1619 1310 1674 itaque
1330 1620 1470 1675 primo
1491 1620 1639 1661 statim
1665 1630 1685 1661 2

69 1678 234 1733 proelio
274 1691 370 1719 cum
409 1678 593 1719 dictator
632 1679 825 1733 equitatu
861 1678 1056 1719 immisso
1096 1679 1404 1733 antesignanos
1446 1679 1637 1720 hostium

68 1737 307 1792 turbasset,
345 1737 565 1792 legionum
604 1737 702 1779 inde
747 1737 870 1793 signa
902 1737 1053 1779 inferri
1096 1752 1277 1793 propere
1313 1737 1460 1793 iussit,
1505 1738 1638 1794 signi-

118 1853 174 1899 in]
204 1852 286 1887 eine
307 1852 562 1898 Begrfindung
583 1853 816 1897 einfsihrend‚

70 1918 106 1930 =
132 1911 212 1935 cum
237 1901 350 1935 ruina
366 1901 456 1944 (vgl.
472 1900 564 1945 Kap.
581 1905 634 1945 33,
652 1902 688 1946 8>
702 1903 820 1936 maior

72 1952 159 1984 esset
184 1958 293 1992 quam
317 1948 419 1993 fuya.

121 2000 152 2030 6.
181 1995 359 2041 aversam]
388 2013 423 2023 =
449 1996 686 2031 decumanam
697 2010 710 2039 ,·
741 1996 817 2040 vgl.

70 2042 166 2087 Kap.
179 2046 234 2085 19,
250 2046 282 2078 8.

120 2091 162 2125 de
181 2090 355 2136 exercitu]
389 2091 482 2124 statt
514 2090 577 2124 des
610 2090 817 2135 partitiven

74 2137 182 2181 Gen„
229 2137 314 2172 weil
358 2137 550 2183 abh‘angig
588 2149 661 2173 von
700 2138 820 2173 einem

74 2184 183 2227 Gen.;
215 2186 328 2220 robur
360 2187 536 2221 exereitus
560 2204 595 2214 =
623 2185 682 2220 die
703 2186 819 2221 Kern-

73 2234 249 2277 truppen.
300 2231 411 2266 Diese
431 2232 554 2268 haben
576 2232 655 2268 sich
676 2245 737 2267 um
759 2233 819 2268 die

74 2278 323 2314 Feldzeichen
349 2280 415 2314 der
440 2280 606 2326 Manipel
633 2282 818 2326 geschart.

124 2331 156 2362 8.
181 2327 320 2373 fuerat]
354 2326 534 2372 richtiges
567 2328 746 2374 Tempus:
781 2340 820 2363 er

75 2385 153 2408 war
192 2385 230 2408 es
270 2375 385 2408 sehon
424 2386 610 2420 gewesen,
651 2376 719 2411 ehe
759 2376 818 2411 die

75 2421 257 2466 Meldung
282 2422 378 2456 nach
404 2422 498 2457 Rom
522 2423 621 2458 kam.

124 2480 215 2513 quae
239 2470 467 2516 respicerent]
502 2470 570 2505 auf
591 2471 733 2506 welche
768 2471 820 2505 sie

75 2515 246 2559 blicken,
273 2518 473 2551 vertrauen
497 2517 675 2553 konnten.
726 2518 820 2563 Kap.

80 2568 188 2607 17‚5;
217 2567 272 2606 24,
288 2568 398 2608 45‚5;
426 2568 600 2609 27,12‚3.

126 2615 158 2646 9.
184 2612 340 2646 minores
373 2613 624 2658 maqistratus]
663 2612 724 2647 die
751 2613 820 2647 Ae-

79 2657 179 2693 dilen
206 2658 282 2693 und
309 2657 528 2700 Qu'astoren.

129 2709 182 2741 10.
208 2707 283 2749 vir,
310 2707 428 2753 cuius]
456 2706 707 2751 unklassisch,
735 2707 824 2743 aber

78 2752 415 2789 nachdrficklicher
440 2755 495 2789 als
516 2756 620 2790 cuius
638 2755 712 2790 viri
732 2755 821 2800 (vgl.

80 2803 112 2842 9,
128 2803 182 2844 29,
200 2804 236 2842 9;
264 2805 320 2844 23,
337 2804 368 2845 7,
384 2803 430 2847 4).

129 2849 367 2893 11.ma9istro
389 2849 562 2895 equitum]
585 2848 714 2884 Dieses
734 2849 822 2884 Amt

78 2893 219 2928 konnte
251 2895 322 2930 mit
352 2896 436 2930 dem
468 2896 823 2931 Konsulartribunat

78 2941 295 2976 verbunden
322 2943 480 2977 werden.
515 2943 607 2988 Kap.
623 2948 678 2987 31,
694 2948 726 2979 5.

939 1854 1113 1899 Ahalam]
1135 1871 1170 1882 =
1189 1855 1372 1898 Ancillam,
1399 1854 1465 1889 das
1494 1853 1637 1899 Cogno-

892 1912 976 1934 men
991 1901 1272 1945 vorangestellt,
1295 1901 1343 1936 da
1363 1912 1400 1936 es
1422 1913 1486 1936 zur
1505 1901 1638 1937 Unter-

892 1948 1102 1993 scheidung
1128 1947 1243 1983 dient.
1270 1948 1363 1994 Kap.
1382 1953 1434 1992 14,
1452 1954 1483 1984 6.

939 1996 1153 2041 Servilium]
1183 1996 1291 2030 Nach
1318 1997 1389 2031 den
1407 1996 1512 2031 Fasti
1531 1995 1639 2042 Capi-

890 2043 1001 2077 tolini
1010 2054 1085 2077 war
1095 2043 1274 2078 Servilius
1286 2043 1411 2078 Axilla
1422 2043 1478 2087 (Q.
1490 2045 1529 2078 F.
1543 2043 1580 2078 O.
1591 2056 1639 2085 n.‚

890 2091 984 2136 Kap.
999 2095 1056 2134 44,
1074 2092 1132 2136 13)
1158 2090 1197 2125 in
1224 2090 1364 2126 diesem
1383 2092 1476 2126 Jahr
1495 2091 1638 2126 sowohl

892 2138 1208 2173 Konsulartribun
1263 2139 1318 2173 als
1371 2139 1640 2182 Reiteroberst,

893 2186 999 2220 nicht
1027 2186 1092 2221 der
1113 2186 1213 2220 Sohn
1234 2186 1300 2221 des
1320 2186 1517 2222 Diktators
1537 2186 1640 2232 (wel-

894 2233 982 2268 cher
1008 2234 1047 2270 P.
1077 2245 1112 2270 n.
1139 2234 1290 2269 Priscus
1315 2233 1453 2269 heissen
1484 2233 1639 2279 mtisste).

943 2298 996 2328 12.
1024 2293 1167 2339 accitis]
1197 2293 1309 2327 n'aml.
1336 2294 1396 2337 iis,
1416 2292 1500 2327 Abl.
1522 2293 1638 2327 absol.

892 2340 1114 2424 iln5gigaem
1145 2340 1272 2384 Wort,
1305 2340 1374 2375 wie
1407 2340 1502 2385 Kap.
1535 2344 1590 2383 30,
1619 2345 1639 2375 9

941 2447 1002 2482 47.
1030 2452 1061 2482 2.
1089 2449 1210 2493 itaque
1235 2447 1445 2492 begrsindet
1465 2447 1531 2480 das
1551 2446 1639 2481 Ver-

893 2495 1025 2529 fahren
1069 2495 1133 2529 des
1178 2494 1370 2529 Diktators
1416 2494 1533 2528 durch
1577 2493 1639 2529 die

893 2543 1117 2588 neqleyentia
1144 2543 1210 2577 der
1234 2543 1392 2586 Aequer.

942 2603 1026 2637 inde
1052 2602 1153 2636 steht
1171 2602 1269 2636 nach
1290 2601 1411 2635 einem
1430 2600 1641 2635 Nebensatz

894 2649 965 2683 mit
1002 2660 1101 2692 cum,
1139 2660 1201 2683 um
1238 2647 1537 2692 die-Handlung
1574 2647 1640 2682 des

895 2696 1145 2741 Hauptsatzes
1166 2696 1221 2730 als
1240 2695 1503 2730 unmittelbare
1523 2694 1640 2740 Folge

895 2756 937 2778 zu
963 2743 1203 2779 bezeichnen.
1253 2743 1338 2788 Vgl.
1359 2742 1452 2787 Kap.
1475 2746 1537 2786 34,
1560 2747 1592 2778 5.

942 2803 1091 2848 inferri]
1119 2801 1223 2836 Beim
1250 2800 1399 2846 Angriff
1421 2801 1552 2836 stehen
1579 2801 1641 2836 die

894 2850 1140 2885 Feldzeichen
1174 2849 1213 2883 in
1252 2849 1317 2883 der
1361 2851 1485 2884 ersten
1522 2848 1640 2893 Linie,

895 2899 998 2932 sonst
1014 2897 1141 2931 hinter
1161 2897 1244 2930 dem
1259 2895 1552 2940 Vordertreffen,
1568 2896 1640 2931 den

894 2945 1128 2990 antesiynani
1154 2944 1259 2989 (Kap.
1281 2948 1341 2988 37,
1363 2945 1434 2989 11).

1188 1204 1397 1260 magistro
1444 1204 1637 1259 equitum
1667 1214 1707 1245 11
