1799 3105
93 74 147 116 70
595 74 739 108 LIBER
764 73 824 108 III.
864 73 966 108 CAP.
994 77 1049 108 40.
1076 77 1132 109 41.

1449 92 1474 110 a.
1494 92 1522 110 u.
1542 92 1567 112 c.
1586 86 1647 112 305.

89 184 181 237 ipse
207 182 424 236 habuerit,
463 183 570 224 sciat
609 182 691 223 sibi
729 182 940 223 rationem
978 182 1237 223 reddendam
1276 196 1385 236 esse,
1424 186 1569 225 utrum
1603 184 1649 226 in

91 257 221 284 unum
243 257 399 283 annum
427 241 556 282 creati
585 241 683 294 sint,
710 255 764 282 an
791 241 926 282 donec
951 241 1082 295 leges,
1115 255 1222 295 quae
1247 241 1455 293 deessent,
1487 242 1649 298 perfer-

21 313 63 344 13
89 304 245 343 rentur.
289 301 333 342 in
353 300 598 354 praesentia
618 300 762 342 omnia
782 302 952 354 praeter
972 300 1131 342 bellum
1153 301 1293 342 omitti
1313 301 1500 356 placere3
1528 303 1647 344 cuius

89 362 125 402 si
157 361 265 401 falso
311 361 472 401 famam
511 360 735 415 vulgatam
780 373 976 413 vanaque
1020 374 1109 401 non
1153 360 1329 401 nuntios
1375 361 1531 416 solum,
1575 361 1649 403 sed

89 419 429 461 Tusculanorum
450 419 583 460 etiam
613 419 780 474 legatos
817 419 1011 460 attulisse
1038 421 1201 473 putent,
1234 419 1524 473 speculatores
1552 421 1648 462 mit-

21 491 63 521 14
89 479 241 520 tendos
286 492 479 532 censere,
521 478 593 533 qui
637 478 793 519 certius
839 478 1060 531 explorata
1103 478 1307 532 referant3
1354 479 1422 520 sin
1464 479 1568 521 fides
1607 481 1650 521 et

17 718 70 759 41

40 1025 60 1054 [Ο

38 1498 59 1529 5

89 538 249 579 nuntiis
291 540 332 578 et
375 538 530 592 legatis
573 537 801 591 habeatur,
845 537 1044 578 dilectum
1083 538 1223 591 primo
1257 552 1424 593 quoque
1455 540 1648 593 tempore

88 597 238 638 haberi
264 599 306 639 et
332 597 594 638 decemviros
627 611 709 652 quo
743 597 893 651 cuique
925 611 1071 638 eorum
1103 596 1298 638 videatur
1330 597 1542 639 exercitus
1575 597 1647 639 du-

91 670 183 698 cere
215 671 293 697 nec
324 671 413 697 rem
447 657 574 698 aliam
600 656 824 711 praexgrti.
1540 704 1544 707 ³

207 715 258 756 In
277 715 390 757 hanc
411 716 669 757 sententiam
694 717 741 756 ut
755 715 1056 769 discederetur,
1076 715 1262 756 iuniores
1284 718 1455 770 patrum
1482 715 1646 757 evince-

87 776 204 816 bant.
236 775 552 830 ferocioresque
565 775 723 816 iterum
745 774 881 816 coorti
894 773 1091 815 Valerius
1104 773 1394 829 Horatiusque
1409 774 1647 829 vociferari,

86 837 135 876 ut
155 834 206 876 de
225 849 270 875 re
290 834 463 889 publica
482 835 629 876 liceret
649 834 804 875 dicere:
831 833 1019 874 dicturos
1042 833 1094 874 ad
1115 834 1335 888 populum,
1361 834 1398 875 si
1422 834 1467 875 in
1493 837 1649 876 senatu

85 908 162 948 per
187 894 417 936 factionem
442 908 530 935 non
550 894 694 946 liceat,
726 907 863 947 neque
891 893 1004 933 enim
1031 893 1113 933 sibi
1138 892 1330 946 privatos
1358 896 1432 934 aut
1458 893 1504 934 in
1530 893 1650 935 curia

87 956 162 994 aut
193 954 237 994 in
269 953 466 995 contione
499 967 625 1007 posse
664 953 853 1005 obstare,
891 966 1028 1006 neque
1067 966 1110 993 se
1148 952 1415 1006 imaginariis
1453 952 1646 994 fascibus

87 1027 234 1054 eorum
266 1026 461 1053 cessuros
494 1026 598 1054 esse.
661 1014 754 1053 tum
793 1011 960 1066 Appius
992 1011 1079 1052 iam
1111 1025 1243 1065 prope
1283 1025 1375 1052 esse
1413 1013 1552 1065 ratus,
1590 1014 1651 1066 ut,

88 1071 134 1113 ni
161 1072 392 1113 violentiae
419 1086 567 1112 eorum
594 1071 688 1126 pari
713 1070 984 1112 resisteretur
1016 1070 1205 1123 audacia,
1236 1071 1398 1112 victum
1423 1070 1651 1125 imperium

89 1134 211 1185 esset,
245 1131 347 1173 ‘non
374 1131 456 1172 erit
482 1130 651 1172 melius'
684 1130 840 1185 inquit,
874 1129 973 1171 ‘nisi
1006 1129 1055 1171 de
1083 1144 1166 1184 quo
1195 1130 1471 1182 consulimus,
1502 1143 1651 1171 vocem

88 1190 285 1244 misisse’,
318 1194 359 1231 et
386 1190 440 1231 ad
460 1189 695 1244 Valerium,
721 1192 954 1243 negantem
975 1203 1018 1230 se
1045 1190 1214 1243 privato
1240 1189 1431 1243 reticere,
1457 1189 1653 1230 lictorem

89 1249 286 1291 accedere
308 1250 446 1291 iussit.
478 1250 565 1291 iam
587 1249 817 1299 Quiritium
837 1248 964 1290 fidem
985 1249 1243 1302 implorante
1263 1247 1438 1290 Valerio
1460 1263 1486 1289 a
1510 1248 1651 1290 curiae

88 1309 247 1360 limine,
278 1308 324 1350 L.
351 1307 578 1350 Cornelius
606 1309 852 1362 complexus
873 1308 1063 1362 Appium
1089 1322 1176 1349 non
1202 1307 1270 1349 cui
1297 1308 1529 1349 simulabat
1554 1322 1654 1350 con-

88 1368 267 1410 sulendo
294 1368 466 1410 diremit
493 1370 726 1421 certamen,
766 1370 961 1421 factaque
993 1381 1069 1420 per
1101 1365 1350 1409 Cornelium
1383 1366 1558 1408 Valerio
1591 1366 1652 1408 di·

87 1427 210 1469 cendi
243 1428 382 1483 gratia
413 1442 520 1482 quae
554 1427 701 1477 vellet,
729 1441 824 1468 cum
857 1427 1032 1467 libertas
1065 1440 1153 1467 non
1183 1425 1299 1467 ultra
1331 1440 1478 1467 vocem
1510 1439 1649 1467 exces—

87 1487 232 1541 sisset,
271 1486 498 1529 decemviri
536 1486 807 1541 propositum
843 1488 1030 1527 tenuere.
1093 1485 1338 1527 consulares
1385 1499 1553 1540 quoque
1597 1499 1646 1526 ac

902 1626 1030 1660 melius
1055 1625 1122 1659 erit
1146 1635 1264 1659 vocem
1295 1635 1369 1659 non
1399 1625 1537 1659 misisse
1573 1625 1649 1659 nisi

903 1673 946 1708 de
971 1683 1040 1717 quo
1066 1672 1297 1707 consulimus.
1325 1670 1409 1716 Vgl.
1427 1672 1518 1717 Kap.
1540 1675 1598 1714 48,
1619 1676 1651 1708 3.

84 1627 356 1672 Amtsffihrung
373 1627 438 1661 der
452 1626 683 1671 Dezemvirn,
707 1626 755 1660 da
775 1626 828 1660 sie

86 1675 180 1710 ohne
203 1673 459 1709 Provokation
495 1673 660 1719 gew'ahlt
691 1685 829 1718 waren,

86 1722 245 1757 sondern
255 1721 425 1765 darfiber,
443 1721 489 1756 ob
504 1722 542 1755 in
557 1722 627 1756 den
642 1721 826 1756 Wahlko-

83 1769 213 1804 mitien
235 1769 315 1804 ihre
337 1769 561 1804 Amtsdauer
582 1768 648 1803 auf
665 1768 725 1803 ein
739 1769 831 1803 Jahr

83 1816 299 1862 festgesetzt
330 1817 481 1852 worden
515 1816 568 1851 sei
601 1817 690 1851 oder
715 1816 831 1851 nicht.

131 1865 263 1910 unum]
300 1864 370 1899 mit
401 1863 627 1899 Nachdruck
657 1863 832 1907 hinzuge-

84 1912 185 1956 ffigt:
213 1912 247 1955 9,
266 1915 322 1954 34,
345 1916 362 1945 1
390 1913 493 1946 illius
512 1911 615 1956 Appi
632 1912 833 1956 proqem'es,

83 1960 147 2004 qui
194 1960 368 1994 decemvir
412 1961 453 1993 in
504 1970 644 1993 annum
693 1961 834 1994 creatus

84 2007 197 2041 altero
237 2017 335 2041 anno
368 2017 403 2042 se
434 2008 510 2051 ipse
543 2007 697 2049 creavit,
730 2006 834 2040 tertio

85 2064 149 2088 nec
175 2055 220 2088 ab
246 2065 281 2088 se
305 2065 369 2088 nec
395 2054 440 2088 ab
475 2054 550 2088 ullo
583 2057 723 2088 creatus
749 2053 832 2097 pri-

86 2104 192 2135 vatus
216 2101 332 2143 fasces
364 2105 396 2135 et
427 2102 621 2144 imperium
653 2101 834 2141 obtinuit,-

86 2146 120 2191 4,
148 2150 204 2190 25,
231 2151 252 2182 8
274 2148 444 2192 prolatae
468 2149 510 2182 in
536 2159 676 2182 annum
700 2158 766 2183 reS.

136 2199 190 2230 13.
218 2195 371 2241 censere]
400 2194 584 2238 Erganze:
611 2205 656 2229 se.

136 2246 188 2277 14.
216 2243 359 2288 haberi]
381 2259 426 2271 =
452 2243 657 2277 habendum
682 2252 770 2283 esse,
797 2240 835 2275 in

87 2289 371 2334 Abh'angigkeit
395 2301 467 2324 von
495 2300 643 2324 censere.

128 2337 332 2382 praeverti]
360 2336 444 2381 Vgl.
472 2349 517 2371 zu
546 2336 639 2381 Kap.
670 2340 725 2378 22,
753 2340 785 2370 2.

134 2384 198 2419 41.
228 2389 256 2418 1.
287 2388 329 2418 ut
360 2384 616 2429 discederetur]
653 2381 744 2418 ‘dass
771 2383 834 2417 ab·

85 2431 279 2477 gestimmt
296 2431 452 2466 wfirde'.
493 2432 560 2466 Die
576 2431 833 2466 Abstimmun-

86 2490 157 2523 gen
179 2478 229 2513 im
249 2479 362 2513 Senat
380 2479 520 2514 fanden
540 2478 707 2513 dadurch
729 2479 834 2523 statt‚

84 2524 159 2561 dass
180 2536 265 2560 man
287 2526 383 2560 nach
403 2526 693 2561 verschiedenen
709 2525 835 2560 Seiten

83 2584 150 2608 aus
179 2573 357 2608 einander
381 2574 466 2608 trat.

133 2620 361 2666 evincebant]
389 2619 535 2666 Imperf.
564 2620 609 2655 de
635 2621 785 2654 conatu.

135 2667 344 2713 factionem]
400 2668 460 2702 die
498 2667 719 2702 Dezemvirn
762 2667 837 2701 und

80 2714 196 2748 ihren
223 2716 394 2759 Anhang,
416 2715 477 2750 die
499 2716 660 2750 iuniores
669 2718 835 2758 patrum.

138 2765 169 2795 3.
201 2772 275 2796 non
300 2762 384 2808 erit]
425 2761 492 2797 Die
526 2774 571 2796 zu
603 2763 745 2796 misisse
777 2772 838 2805 ge-

88 2807 220 2852 h6rige
241 2808 429 2854 Negation
454 2809 504 2844 ist
523 2811 591 2844 mit
612 2808 840 2843 Nachdruck

89 2855 371 2899 vorangestellt.
394 2858 469 2892 nisi
476 2868 706 2892 non=nur.
731 2854 838 2890 Sinn:

953 1719 1114 1766 reticere]
1136 1718 1206 1753 mit
1222 1718 1333 1754 Dativ
1356 1719 1493 1754 ‘einem
1514 1730 1656 1764 gegen-

905 1768 996 1802 siber
1017 1766 1239 1811 schweigen,
1263 1765 1342 1800 ihm
1362 1766 1468 1801 nicht
1489 1769 1652 1802 antwor-

905 1815 999 1857 ten’,
1015 1814 1096 1849 eine
1117 1814 1195 1848 sich
1212 1815 1288 1848 erst
1308 1814 1369 1848 bei
1380 1814 1460 1849 Liv.
1481 1813 1654 1848 findende

906 1861 1168 1906 Verbindung:
1195 1860 1256 1904 23,
1282 1864 1335 1904 12,
1357 1864 1396 1904 9;
1423 1860 1489 1896 Ov.
1510 1860 1604 1896 Mete
1620 1865 1652 1906 3,

908 1913 995 1952 3573
1024 1909 1110 1944 Tac.
1138 1910 1231 1943 Aun.
1261 1912 1316 1952 14,
1342 1912 1406 1952 493
1439 1908 1575 1943 ebenso
1602 1911 1656 1943 ta-

909 1968 983 1992 cere
1009 1957 1079 1990 mit
1104 1956 1187 1990 Dat.
1216 1955 1294 1991 Liv.
1321 1956 1381 1999 42,
1410 1959 1466 1999 40,
1495 1959 1548 1990 10.

957 2003 1137 2049 accedere]
1164 2014 1225 2037 um
1252 2003 1318 2037 ihn
1342 2014 1386 2037 zu
1411 2001 1618 2038 verhaften.

957 2055 990 2086 4.
1017 2049 1249 2095 implorante]
1279 2048 1328 2083 Er
1352 2050 1430 2094 fing
1455 2050 1570 2084 sehon
1598 2060 1656 2092 an,

900 2098 975 2132 >das
1002 2109 1066 2132 vor
1100 2097 1172 2132 den
1204 2096 1381 2131 wahrend
1413 2097 1479 2132 der
1505 2097 1655 2132 Senats-

910 2145 1104 2188 sitzungen
1157 2143 1463 2179 offenstehenden
1506 2144 1657 2178 Thsiren

910 2192 975 2226 der
1019 2191 1132 2226 Kurie
1169 2191 1433 2226 versammelte
1472 2190 1571 2226 Volk
1613 2203 1659 2226 zu

910 2238 1023 2274 Hsilfe
1050 2250 1094 2273 zu
1120 2237 1237 2272 rufen.

956 2297 1031 2320 non
1063 2286 1124 2321 eui
1155 2286 1241 2331 etc]
1271 2302 1315 2314 =
1342 2295 1417 2320 non
1447 2286 1498 2328 ei,
1530 2286 1593 2320 cui
1623 2296 1658 2320 se

910 2334 1092 2368 consulere
1111 2333 1320 2375 simulabat,
1343 2333 1572 2368 consulendo.
1608 2331 1659 2367 Er

909 2381 983 2425 gab
1009 2380 1089 2415 sich
1115 2380 1186 2415 den
1207 2380 1354 2424 Schein,
1381 2381 1436 2415 als
1456 2380 1658 2415 bescht'itze

910 2439 949 2462 er
969 2428 1039 2462 den
1060 2427 1250 2469 Valerius,
1276 2439 1354 2462 war
1373 2428 1462 2462 aber
1480 2427 1518 2462 in
1533 2427 1658 2462 Wirk-

910 2474 1068 2510 lichkeit
1092 2476 1150 2509 fiir
1176 2475 1249 2509 den
1276 2474 1420 2519 Appius
1446 2476 1608 2519 besorgt.

956 2522 1096 2568 qratia]
1128 2522 1377 2565 ‘Erlaubnis'3
1410 2521 1544 2556 andere
1563 2521 1656 2566 Kap.

959 2617 1122 2662 libertas]
1151 2615 1237 2651 Sein
1260 2615 1426 2650 Freimut
1443 2614 1535 2659 ging
1553 2614 1660 2649 nicht

911 2664 1004 2699 fiber
1029 2664 1088 2698 die
1118 2664 1243 2698 Worte
1270 2663 1415 2706 hinaus,
1437 2659 1659 2697 veranlasste

912 2711 1021 2746 keine
1048 2709 1359 2745 Thatlichkeiten.

954 2759 1186 2802 propositum
1210 2756 1370 2801 tenuere]
1397 2754 1482 2790 Wie
1508 2756 1568 2791 die
1588 2756 1659 2791 De-

913 2805 1077 2840 zemvirn
1095 2804 1154 2839 ihr
1176 2803 1378 2838 Vorhaben
1398 2802 1658 2838 durchsetzten

913 2852 989 2886 und
1014 2862 1088 2886 was
1120 2851 1216 2885 denn
1251 2850 1487 2886 beschlossen
1519 2850 1659 2895 wurde,
