1799 3105
28 1098 69 1127 10

31 1276 72 1306 11

90 91 145 131 34
647 87 790 122 LIBER
816 87 878 121 111.
919 87 1020 123 CAP.
1051 92 1104 123 19.

1457 103 1482 122 a.
1502 104 1532 122 u.
1553 104 1578 122 c.
1597 97 1658 123 294.

91 215 196 255 pace
229 202 271 241 εὴ
301 199 429 240 Publi
463 197 611 238 Valeri
643 195 801 237 mortui
833 195 985 249 loquar
1015 219 1072 224 —
1111 196 1229 250 prius
1261 196 1306 236 in
1338 195 1496 237 clivum
1529 193 1654 249 Capi-

90 259 274 301 tolinum
314 259 439 312 signa.
477 255 706 308 intulistis,
745 269 873 308 quam
906 254 984 295 hos
1028 254 1166 296 hostis
1200 254 1250 295 de
1281 254 1376 296 foro
1409 253 1657 296 tolleretis?

92 318 225 373 pudet
257 318 432 358 deorum
464 315 785 368 hominumque.
837 327 933 354 cum
963 313 1110 355 11061366
1143 313 1188 354 111
1221 328 1327 367 arce,
1360 313 1404 354 in
1437 311 1654 367 Capitolio

94 380 247 431 essent,
287 376 456 417 exulum
496 376 538 415 et
576 387 798 414 servorum
836 372 920 413 dux
959 372 1202 426 profanatis
1242 372 1440 414 omnibus
1472 372 1519 413 in
1551 371 1661 412 cella

92 436 207 479 Iovis
255 434 418 488 Optimi
461 432 641 474 Maximi
684 431 922 485 habitaret,
967 431 1141 472 Tusculi
1180 433 1279 472 ante
1324 445 1450 486 quam
1494 430 1658 472 Romae

96 498 268 548 sumpta
301 495 401 535 sunt
434 507 579 545 arma3
609 492 656 532 in
688 490 816 532 dubio
849 490 945 544 fuit,
978 493 1122 531 utrum
1156 489 1202 532 L.
1234 490 1467 542 Mamilius,
1500 489 1662 531 Tuscu-

94 556 217 596 lanus
259 553 365 605 dux,
403 566 456 593 an
489 551 534 593 P.
560 550 762 592 Valerius
796 552 838 591 εὴ
873 549 916 592 C.
952 548 1155 591 Claudius
1189 549 1387 591 consules
1420 548 1661 590 Romanam

96 628 234 655 arcem
267 612 525 664 liberarent3
558 612 601 652 et,
632 609 704 664 qui
737 611 836 650 ante
864 608 1042 651 Latinos
1074 623 1128 650 ne
1159 623 1238 663 pro
1266 622 1310 649 se
1345 608 1516 662 quidem
1543 607 1665 661 ipsis,

97 687 192 714 cum
225 673 269 712 in
302 671 457 712 finibus
490 670 659 711 hostem
692 668 914 722 haberent,
946 668 1159 723 attingere
1192 682 1312 708 arma
1351 667 1467 720 passi
1501 679 1660 719 sumus,

97 746 222 782 nunc,
254 731 338 771 nisi
369 728 514 771 Latini
548 743 625 769 sua
657 730 811 782 sponte
839 742 958 768 arma
991 727 1286 781 sumpsissent,
1319 726 1432 780 capti
1460 727 1503 766 ei:
1536 724 1664 765 deleti

96 805 276 832 eramus.
338 789 421 830 1106
454 790 532 840 est,
563 786 741 840 tribuni,
773 786 979 827 auxilium
1011 786 1129 840 plebi
1160 785 1291 839 ferre⁷
1329 785 1536 826 inermem
1570 797 1664 824 eam

93 850 210 892 hosti
242 847 542 890 trucidandam
576 846 774 888 obicere?
809 846 986 899 seilicet,
1028 845 1064 886 si
1103 845 1197 899 quis
1238 845 1360 886 vobis
1400 842 1666 884 humillimus

95 909 225 950 homo
259 908 309 949 de
341 909 485 948 vestra
515 906 658 960 plebe,
691 919 818 959 quam
850 906 1018 958 partem
1050 904 1170 945 velut
1201 904 1431 957 abruptam
1465 917 1489 942 a
1522 903 1662 943 cetero

95 969 255 1023 populo
289 968 477 1008 vestram
508 965 696 1020 patriam
729 963 1074 1018 peculiaremque
1114 977 1205 1004 rem
1236 962 1453 1016 publicam
1487 959 1663 1013 fecistis,

98 1028 134 1069 si
167 1027 262 1082 quis
295 1040 347 1067 ex
377 1025 446 1066 his
480 1024 654 1065 domum
687 1037 809 1064 suam
842 1023 1063 1064 obsessam
1097 1037 1121 1063 a
1154 1021 1322 1062 familia
1360 1021 1525 1061 armata
1555 1033 1662 1059 nun-

96 1086 237 1140 tiaret,
262 1084 484 1126 ferendum
512 1082 720 1124 auxilium
745 1082 973 1136 putaretis:
1005 1081 1202 1136 Iuppiter
1229 1079 1426 1135 Optimus
1452 1077 1666 1120 Maximus

100 1146 271 1187 exulum
292 1146 421 1198 atque
443 1157 663 1184 servorum
692 1143 866 1196 saeptus
893 1141 1023 1182 armis
1049 1141 1169 1181 nulla
1194 1140 1382 1181 humana
1409 1152 1488 1192 ope
1509 1137 1664 1192 dignus

100 1204 221 1246 erat?
262 1206 304 1245 et
341 1203 387 1244 hi
425 1202 666 1257 postulant,
703 1204 752 1242 ut
790 1200 1053 1242 sacrosancti
1085 1199 1346 1252 habeantur,
1386 1197 1541 1253 quibus
1580 1195 1665 1250 ipsi

101 1264 144 1305 di
181 1277 317 1318 neque
351 1262 463 1303 sacri
504 1274 641 1314 neque
682 1260 818 1301 sancti
850 1258 984 1301 sunt?
1024 1260 1069 1300 at
1110 1259 1223 1300 enim
1257 1257 1413 1299 divinis
1446 1255 1666 1297 humanis-

105 1337 186 1378 que
227 1321 371 1363 obruti
410 1320 641 1362 sceleribus
686 1320 827 1374 legem
871 1333 948 1360 vos
992 1318 1075 1359 hoc
1113 1332 1226 1359 anno
1263 1317 1509 1371 perlaturos
1552 1313 1670 1355 dicti-

101 1462 137 1486 se
162 1451 323 1495 fatendo,
350 1466 394 1478 =
424 1449 457 1483 si
481 1448 588 1482 nulla
607 1447 685 1482 alia
703 1457 751 1483 re.
791 1446 852 1489 30,

103 1502 159 1541 35,
181 1502 201 1532 5
227 1499 260 1532 si
285 1497 380 1531 nihil
405 1496 522 1537 aliud,
546 1495 758 1529 vulneribus
776 1495 853 1528 suis

104 1548 242 1589 ferrum
267 1545 422 1579 hostium
447 1543 660 1577 hebetarent.

153 1609 184 1639 7.
214 1603 320 1650 pace]
361 1602 433 1637 mit
476 1602 597 1636 einem
635 1599 724 1636 Gen.
764 1600 853 1635 oder

104 1653 225 1687 61116111
257 1650 655 1694 Possessivpronomen
690 1665 734 1677 =
769 1647 853 1681 ‘mit

104 1698 331 1734 Erlaubnis'.
359 1718 402 1722 -—
424 1696 554 1742 pudet]
582 1696 694 1731 naml.
722 1706 786 1730 me.

153 1746 257 1792 cella]
286 1745 345 1780 die
371 1743 528 1789 Kapelle
554 1743 605 1778 im
631 1742 767 1777 lnnern
789 1742 853 1776 des

107 1793 297 1838 Tempels,
334 1791 375 1826 in
400 1791 562 1826 welcher
588 1791 652 1825 das
679 1790 764 1824 Bild
789 1790 854 1824 des

107 1841 239 1877 Gottes
273 1839 395 1875 stand.
446 1838 521 1873 Der
561 1836 854 1882 kapitolinisehe

107 1889 264 1933 Tempel
309 1886 469 1922 enthielt
518 1883 722 1920 ausserdem
772 1883 854 1918 eine

108 1935 212 1971 Cella
250 1935 314 1969 der
352 1935 443 1968 Iuno
475 1932 621 1978 Regina
659 1932 734 1966 und
773 1931 854 1966 eine

106 1983 243 2018 andere
262 1982 326 2016 der
339 1981 509 2015 Minerva
524 1979 613 2025 (vgl.
627 1979 719 2024 Kap.
737 1982 792 2021 17,
807 1980 854 2021 3).

156 2046 189 2076 8.
216 2043 256 2076 in
283 2040 411 2086 dubio]
438 2039 511 2084 vgl.
539 2051 583 2072 zu
608 2038 701 2082 Kap.
729 2042 762 2079 8,
790 2042 822 2072 9.

155 2089 255 2134 ante]
282 2087 317 2130 2,
336 2091 392 2131 30,
414 2091 435 2122 8
457 2088 541 2130 (494
561 2098 594 2120 v.
619 2085 717 2128 Chr.)
737 2085 857 2130 Aequi

107 2137 287 2170 Latinum
326 2145 455 2180 agrum
496 2134 719 2167 invaserant.
770 2143 853 2166 ora-

108 2188 200 2218 tores
219 2182 441 2217 Latinorum
460 2181 506 2215 ab
527 2183 656 2214 senatu
671 2179 854 2223 petebant,

107 2234 148 2266 ut
175 2233 239 2265 aut
271 2229 452 2263 mitterent
482 2227 688 2261 subsidium
719 2230 784 2260 aut
821 2237 856 2260 se

108 2280 206 2323 ipsos
225 2277 441 2311 tuendorum
460 2275 590 2317 finium
605 2284 716 2308 causa
731 2284 856 2317 capere

109 2336 213 2360 arma
238 2325 406 2359 sinerent.
444 2322 561 2356 tutius
587 2322 704 2356 visum
729 2324 779 2355 est
799 2321 856 2355 de-

109 2373 211 2416 fendi
248 2372 400 2406 inermes
439 2369 596 2403 Latinos
633 2379 741 2413 quam
773 2368 859 2412 pati

110 2422 307 2455 retractare
333 2428 448 2452 arma.

157 2471 316 2517 eramus]
344 2470 428 2514 Vgl.
455 2481 499 2503 zu
524 2469 616 2513 Kap.
646 2472 677 2511 1,
704 2472 735 2502 4.

159 2535 191 2566 9.
217 2530 296 2576 hoc]
317 2529 484 2575 Subjekt‚
505 2529 622 2564 durch
636 2529 857 2563 inermem...

111 2580 247 2614 obicere
273 2578 423 2612 erklart.

159 2632 314 2673 scilicet,
348 2628 540 2673 ‘freilich’‚
565 2629 669 2663 ffihrt
693 2627 763 2662 mjt
787 2627 858 2662 iro-

113 2679 259 2713 nischer
296 2676 495 2722 Wendung
527 2677 634 2711 einen
666 2673 806 2711 Schluss
838 2685 860 2708 a

114 2726 256 2761 minore
283 2725 330 2759 ad
355 2725 474 2759 maius
495 2723 565 2759 ein.
602 2722 777 2758 Derselbe
796 2722 859 2756 be-

114 2773 213 2807 steht
230 2783 295 2807 6116
315 2771 405 2805 zwei
418 2769 705 2814 asyndetischen
717 2770 860 2813 Haupt-

115 2820 255 2861 s'atzen,
282 2829 414 2853 wovon
440 2818 504 2853 der
530 2818 639 2860 erate,
665 2817 724 2852 ein
749 2817 859 2851 irrea-

116 2865 171 2900 ler
192 2865 527 2908 Kondiffloufflsatz,
551 2865 616 2899 das
632 2863 859 2908 Zugest'and—

925 1446 993 1489 nis,
1021 1445 1087 1480 der
1113 1445 1241 1480 zweite
1267 1443 1326 1478 die
1351 1443 1565 1488 Folgerung
1590 1441 1669 1476 ent-

926 1493 1017 1529 h‘alt.
1057 1493 1110 1527 1111
1138 1491 1351 1527 Deutschen
1371 1489 1567 1525 verbindet
1585 1498 1672 1522 man

926 1540 980 1575 sie
1005 1540 1075 1574 mit
1102 1540 1206 1574 ‘und’
1237 1539 1325 1574 oder
1353 1537 1486 1572 ‘abel-².

969 1588 1258 1632 peculiaremque
1307 1596 1381 1620 rem
1413 1584 1468 1629 3).]
1505 1582 1598 1617 ‘und
1629 1593 1674 1616 zu

926 1645 1073 1670 euerem
1106 1634 1336 1669 besonderen
1361 1629 1670 1667 Gemeinwesen’.

926 1731 951 1764 h
973 1683 1006 1764 {i
1019 1683 1100 1727 quis
1113 1681 1248 1763 eaedth‘g]
1265 1677 1673 1761 rhethorischedWiegleg-

955 1741 975 1765 o
994 1741 1071 1774 ung
1095 1741 1145 1763 un
1234 1738 1324 1762 rwel
1344 1738 1461 1771 erung
1516 1736 1554 1760 66
1607 1734 1632 1758 11
1660 1742 1674 1749 -

921 1777 1048 1822 jektes
1089 1776 1185 1811 nach
1231 1776 1315 1810 dem
1369 1772 1673 1814 Zwischensatze‚

927 1824 1008 1859 hier
1034 1824 1210 1868 geboten,
1244 1821 1330 1857 weil
1356 1821 1422 1855 der
1449 1819 1675 1855 humillimus

926 1872 1029 1906 homo
1048 1869 1135 1905 kein
1151 1869 1312 1905 Gesinde
1330 1869 1406 1903 hab.
1423 1888 1467 1894 -—
1481 1868 1540 1902 his
1559 1864 1676 1900 durch

929 1918 1161 1954 Constructio
1197 1917 1245 1952 ad
1270 1915 1516 1952 intellectum.

975 1978 999 2001 α
1023 1965 1187 2010 familia]
1219 1975 1294 1999 von
1326 1963 1465 1998 seinem
1497 1958 1672 2004 Gesinde‚

929 2013 1050 2048 seiner
1076 2010 1374 2047 Sklavenschaft.

978 2064 1032 2095 10.
1059 2059 1238 2104 humana]
1266 2057 1384 2091 durch
1409 2055 1469 2090 die
1503 2054 1676 2100 Stellung

928 2118 995 2143 vor
1019 2117 1084 2151 ope
1102 2104 1457 2151 gehoben32ebenso
1477 2101 1512 2145 2,
1534 2106 1590 2145 20,
1613 2105 1674 2145 12;

927 2155 962 2198 5,
988 2157 1044 2197 22,
1072 2157 1092 2188 3
1119 2165 1154 2187 u.
1182 2156 1238 2195 32,
1268 2150 1306 2194 ῖς
1332 2151 1393 2194 10,
1419 2153 1475 2193 29,
1505 2153 1534 2184 1.

975 2205 1008 2236 et
1041 2212 1084 2235 zu
1114 2199 1266 2244 Anfang
1297 2198 1398 2233 einer
1430 2196 1675 2232 affektvollen

928 2249 1046 2293 Frage
1068 2247 1156 2282 oder
1170 2246 1385 2290 Ausrufung
1408 2246 1442 2288 (ἕ
1458 2244 1493 2288 7)
1510 2242 1676 2278 bezeich-

927 2297 993 2330 neb
1019 2295 1126 2330 einen
1150 2294 1337 2329 Kontrast.
1372 2312 1417 2318 —
1450 2292 1504 2337 hi]
1533 2292 1578 2326 st.
1603 2301 1677 2334 vos,

931 2343 1002 2378 den
1027 2341 1214 2377 Unwillen
1240 2339 1462 2375 andeufiend.

1385 2385 1523 2421 ‘weder
1559 2384 1677 2429 heilig

978 2401 1090 2435 neque
1111 2418 1118 2425 .
1144 2417 1151 2425 .
1180 2418 1186 2424 .
1208 2388 1342 2433 sancti]

1423 2443 1543 2475 sacer,
1589 2431 1677 2466 ‘den

932 2438 1028 2472 noch
1072 2434 1367 2471 unverletzlich'.

932 2485 1090 2519 Gettern
1115 2482 1307 2528 geweiht’,
1335 2480 1427 2516 wird
1451 2481 1554 2514 sonet
1571 2478 1678 2513 nicht

932 2543 1005 2567 von
1031 2531 1150 2566 einem
1177 2530 1290 2565 Gotte
1322 2526 1547 2574 gebraucht3
1578 2526 1678 2560 sacri

931 2580 981 2614 161,
994 2579 1108 2613 daher
1127 2589 1197 2612 nur
1216 2588 1280 2610 zur
1294 2572 1677 2617 Vervollst'andigung

932 2627 996 2661 des
1022 2625 1271 2671 Gegensatzes
1291 2635 1334 2657 zu
1356 2620 1582 2657 sacrosancti
1601 2619 1678 2654 bei-

958 2673 1018 2709 efii
1065 2701 1072 2708 .

931 2686 955 2718 g
981 2673 1102 2755 llgtat
1115 2719 1225 2763 enim]
1249 2716 1354 2751 ‘aber
1366 2713 1528 2750 freilich'
1546 2712 1679 2748 erhebt.

933 2767 1041 2802 einen
1065 2764 1264 2808 Einwand,
1297 2775 1362 2798 um
1392 2761 1459 2796 ihn
1490 2760 1609 2796 sofort
1633 2771 1678 2795 zu

933 2813 1159 2858 widerlegen
1184 2811 1290 2855 <Ka.p.
1319 2813 1376 2852 68,
1403 2809 1449 2853 3).

982 2861 1118 2895 divinis
1143 2857 1256 2903 hum]
1284 2867 1430 2903 gegen
1456 2855 1498 2890 G.
1525 2854 1602 2889 und
1627 2853 1675 2889 M.
